<?xml version="1.0" encoding="UTF-8"?>
<!DOCTYPE html PUBLIC "-//W3C//DTD XHTML 1.0 Transitional//EN"
    "http://www.w3.org/TR/xhtml1/DTD/xhtml1-transitional.dtd">
<html xmlns="http://www.w3.org/1999/xhtml" xml:lang="en" lang="en">
 <head>
  <title>
</title>
<meta http-equiv="Content-Type" content="text/html;charset=utf-8" />
  <meta name='ocr-system' content='tesseract 3.04.00' />
  <meta name='ocr-capabilities' content='ocr_page ocr_carea ocr_par ocr_line ocrx_word'/>
</head>
<body>
  <div class='ocr_page' id='page_1' title='image "./carminaincodici00riesgoog_0345.png"; bbox 0 0 2586 3922; ppageno 0'>
   <div class='ocr_carea' id='block_1_1' title="bbox 528 225 708 295">
    <p class='ocr_par' dir='ltr' id='par_1_1' title="bbox 528 225 708 295">
     <span class='ocr_line' id='line_1_1' title="bbox 528 225 708 295; baseline 0 -15"><span class='ocrx_word' id='word_1_1' title='bbox 528 225 555 280; x_wconf 85' lang='lat' dir='ltr'>O.</span> <span class='ocrx_word' id='word_1_2' title='bbox 571 231 632 295; x_wconf 82' lang='lat'>893,</span> <span class='ocrx_word' id='word_1_3' title='bbox 642 241 708 282; x_wconf 80' lang='lat' dir='ltr'>a-eo</span> 
     </span>
    </p>
   </div>
   <div class='ocr_carea' id='block_1_2' title="bbox 12 391 1080 2876">
    <p class='ocr_par' dir='ltr' id='par_1_2' title="bbox 12 391 1080 2876">
     <span class='ocr_line' id='line_1_2' title="bbox 167 391 935 473; baseline 0.001 -20"><span class='ocrx_word' id='word_1_4' title='bbox 167 399 171 404; x_wconf 85' lang='grc'><strong>’</strong></span> <span class='ocrx_word' id='word_1_5' title='bbox 271 391 331 454; x_wconf 83' lang='lat' dir='ltr'>Cur</span> <span class='ocrx_word' id='word_1_6' title='bbox 354 400 474 454; x_wconf 86' lang='lat' dir='ltr'>manant</span> <span class='ocrx_word' id='word_1_7' title='bbox 497 393 628 454; x_wconf 80' lang='lat' dir='ltr'><strong>lacrimis</strong></span> <span class='ocrx_word' id='word_1_8' title='bbox 652 392 796 473; x_wconf 90' lang='lat' dir='ltr'>largilluis</span> <span class='ocrx_word' id='word_1_9' title='bbox 819 391 935 472; x_wconf 79' lang='lat' dir='ltr'>genae?</span> 
     </span>
     <span class='ocr_line' id='line_1_3' title="bbox 337 481 770 560; baseline 0 -18"><span class='ocrx_word' id='word_1_10' title='bbox 337 482 405 560; x_wconf 85' lang='lat' dir='ltr'>Fae,</span> <span class='ocrx_word' id='word_1_11' title='bbox 427 490 462 542; x_wconf 94' lang='lat' dir='ltr'>ut</span> <span class='ocrx_word' id='word_1_12' title='bbox 485 484 565 541; x_wconf 90' lang='lat' dir='ltr'>norit</span> <span class='ocrx_word' id='word_1_13' title='bbox 588 499 690 542; x_wconf 86' lang='lat' dir='ltr'>amans</span> <span class='ocrx_word' id='word_1_14' title='bbox 713 481 770 542; x_wconf 88' lang='lat' dir='ltr'>tui!</span> 
     </span>
     <span class='ocr_line' id='line_1_4' title="bbox 271 570 850 649; baseline 0 -18"><span class='ocrx_word' id='word_1_15' title='bbox 271 572 380 649; x_wconf 83' lang='lat' dir='ltr'>Aegon,</span> <span class='ocrx_word' id='word_1_16' title='bbox 404 588 523 649; x_wconf 82' lang='lat' dir='ltr'>quaeso,</span> <span class='ocrx_word' id='word_1_17' title='bbox 547 571 628 631; x_wconf 92' lang='lat' dir='ltr'>sinas</span> <span class='ocrx_word' id='word_1_18' title='bbox 652 570 710 631; x_wconf 84' lang='lat' dir='ltr'>alla</span> <span class='ocrx_word' id='word_1_19' title='bbox 733 571 850 632; x_wconf 90' lang='lat' dir='ltr'>silentia</span> 
     </span>
     <span class='ocr_line' id='line_1_5' title="bbox 270 660 912 739; baseline 0.002 -19"><span class='ocrx_word' id='word_1_20' title='bbox 270 661 374 739; x_wconf 82' lang='lat' dir='ltr'>Aegris</span> <span class='ocrx_word' id='word_1_21' title='bbox 397 679 445 721; x_wconf 90' lang='lat' dir='ltr'>me</span> <span class='ocrx_word' id='word_1_22' title='bbox 469 662 589 738; x_wconf 91' lang='lat' dir='ltr'>penitus</span> <span class='ocrx_word' id='word_1_23' title='bbox 613 660 741 722; x_wconf 83' lang='lat' dir='ltr'>condere</span> <span class='ocrx_word' id='word_1_24' title='bbox 765 660 912 721; x_wconf 87' lang='lat' dir='ltr'>sensibus.</span> 
     </span>
     <span class='ocr_line' id='line_1_6' title="bbox 271 748 962 829; baseline 0.003 -21"><span class='ocrx_word' id='word_1_25' title='bbox 271 749 344 809; x_wconf 90' lang='lat' dir='ltr'>Nam</span> <span class='ocrx_word' id='word_1_26' title='bbox 369 748 477 810; x_wconf 91' lang='lat' dir='ltr'>vulnus</span> <span class='ocrx_word' id='word_1_27' title='bbox 501 757 623 826; x_wconf 83' lang='lat' dir='ltr'>reserat,</span> <span class='ocrx_word' id='word_1_28' title='bbox 648 751 700 828; x_wconf 91' lang='lat' dir='ltr'>qui</span> <span class='ocrx_word' id='word_1_29' title='bbox 721 749 799 810; x_wconf 91' lang='lat' dir='ltr'>mala</span> <span class='ocrx_word' id='word_1_30' title='bbox 821 749 962 829; x_wconf 79' lang='lat' dir='ltr'>publicat,</span> 
     </span>
     <span class='ocr_line' id='line_1_7' title="bbox 342 836 831 919; baseline 0.004 -22"><span class='ocrx_word' id='word_1_31' title='bbox 342 836 468 916; x_wconf 84' lang='lat' dir='ltr'>Claudit,</span> <span class='ocrx_word' id='word_1_32' title='bbox 492 839 544 917; x_wconf 89' lang='lat' dir='ltr'>qui</span> <span class='ocrx_word' id='word_1_33' title='bbox 567 840 690 898; x_wconf 87' lang='lat' dir='ltr'>taeitum</span> <span class='ocrx_word' id='word_1_34' title='bbox 713 840 831 919; x_wconf 88' lang='lat' dir='ltr'>premit</span> 
     </span>
     <span class='ocr_line' id='line_1_8' title="bbox 199 926 1080 1006; baseline -0.002 -17"><span class='ocrx_word' id='word_1_35' title='bbox 199 975 206 989; x_wconf 94' lang='lat'>.</span> <span class='ocrx_word' id='word_1_36' title='bbox 275 927 383 988; x_wconf 82' lang='lat' dir='ltr'><strong>Contra</strong></span> <span class='ocrx_word' id='word_1_37' title='bbox 407 933 453 987; x_wconf 89' lang='lat' dir='ltr'>est</span> <span class='ocrx_word' id='word_1_38' title='bbox 476 944 565 1006; x_wconf 89' lang='lat' dir='ltr'>quam</span> <span class='ocrx_word' id='word_1_39' title='bbox 587 926 728 1006; x_wconf 73' lang='lat' dir='ltr'>loqueris</span> <span class='ocrx_word' id='word_1_40' title='bbox 752 935 834 989; x_wconf 86' lang='lat' dir='ltr'>reeta</span> <span class='ocrx_word' id='word_1_41' title='bbox 856 947 913 989; x_wconf 87' lang='lat' dir='ltr'>nee</span> <span class='ocrx_word' id='word_1_42' title='bbox 936 935 1080 988; x_wconf 78' lang='lat' dir='ltr'>autumas.</span> 
     </span>
     <span class='ocr_line' id='line_1_9' title="bbox 272 1015 913 1097; baseline 0 -21"><span class='ocrx_word' id='word_1_43' title='bbox 272 1015 346 1077; x_wconf 85' lang='lat' dir='ltr'>Nani</span> <span class='ocrx_word' id='word_1_44' title='bbox 370 1015 464 1076; x_wconf 89' lang='lat' dir='ltr'>divisa</span> <span class='ocrx_word' id='word_1_45' title='bbox 486 1017 586 1076; x_wconf 90' lang='lat' dir='ltr'>minus</span> <span class='ocrx_word' id='word_1_46' title='bbox 610 1017 726 1077; x_wconf 84' lang='lat' dir='ltr'>sarcina</span> <span class='ocrx_word' id='word_1_47' title='bbox 749 1017 783 1077; x_wconf 87' lang='lat' dir='ltr'>fit</span> <span class='ocrx_word' id='word_1_48' title='bbox 805 1020 913 1097; x_wconf 86' lang='lat' dir='ltr'>gravis,</span> 
     </span>
     <span class='ocr_line' id='line_1_10' title="bbox 272 1102 925 1186; baseline 0.002 -21"><span class='ocrx_word' id='word_1_49' title='bbox 272 1105 309 1166; x_wconf 86' lang='lat' dir='ltr'>Et</span> <span class='ocrx_word' id='word_1_50' title='bbox 332 1102 475 1184; x_wconf 88' lang='lat' dir='ltr'>quioquid</span> <span class='ocrx_word' id='word_1_51' title='bbox 497 1106 618 1183; x_wconf 88' lang='lat' dir='ltr'>tegitur,</span> <span class='ocrx_word' id='word_1_52' title='bbox 642 1107 759 1167; x_wconf 89' lang='lat' dir='ltr'>saevius</span> <span class='ocrx_word' id='word_1_53' title='bbox 783 1108 925 1186; x_wconf 75' lang='lat' dir='ltr'>incoquit.</span> 
     </span>
     <span class='ocr_line' id='line_1_11' title="bbox 342 1193 773 1255; baseline 0.005 -2"><span class='ocrx_word' id='word_1_54' title='bbox 342 1193 467 1254; x_wconf 80' lang='lat' dir='ltr'>Prodest</span> <span class='ocrx_word' id='word_1_55' title='bbox 490 1212 589 1254; x_wconf 89' lang='lat' dir='ltr'>sermo</span> <span class='ocrx_word' id='word_1_56' title='bbox 614 1193 773 1255; x_wconf 89' lang='lat' dir='ltr'>doloribus.</span> 
     </span>
     <span class='ocr_line' id='line_1_12' title="bbox 137 1282 1026 1364; baseline 0.001 -21"><span class='ocrx_word' id='word_1_57' title='bbox 137 1283 237 1362; x_wconf 81' lang='lat' dir='ltr'>[Rue]</span> <span class='ocrx_word' id='word_1_58' title='bbox 274 1283 348 1362; x_wconf 88' lang='lat' dir='ltr'>Seis,</span> <span class='ocrx_word' id='word_1_59' title='bbox 370 1284 480 1360; x_wconf 81' lang='lat' dir='ltr'>Aegon,</span> <span class='ocrx_word' id='word_1_60' title='bbox 503 1282 644 1363; x_wconf 78' lang='lat' dir='ltr'>gregibus</span> <span class='ocrx_word' id='word_1_61' title='bbox 668 1302 757 1362; x_wconf 88' lang='lat' dir='ltr'>quam</span> <span class='ocrx_word' id='word_1_62' title='bbox 780 1284 889 1344; x_wconf 91' lang='lat' dir='ltr'>luerim</span> <span class='ocrx_word' id='word_1_63' title='bbox 911 1292 1026 1364; x_wconf 89' lang='lat' dir='ltr'>potens,</span> 
     </span>
     <span class='ocr_line' id='line_1_13' title="bbox 12 1371 863 1454; baseline 0.001 -22"><span class='ocrx_word' id='word_1_64' title='bbox 12 1447 15 1454; x_wconf 69' lang='lat'>,</span> <span class='ocrx_word' id='word_1_65' title='bbox 271 1372 308 1432; x_wconf 89' lang='lat' dir='ltr'>Vt</span> <span class='ocrx_word' id='word_1_66' title='bbox 331 1373 401 1432; x_wconf 91' lang='lat' dir='ltr'>totis</span> <span class='ocrx_word' id='word_1_67' title='bbox 423 1371 554 1450; x_wconf 87' lang='lat' dir='ltr'>pecudes</span> <span class='ocrx_word' id='word_1_68' title='bbox 577 1371 751 1433; x_wconf 83' lang='lat' dir='ltr'>fluminibus</span> <span class='ocrx_word' id='word_1_69' title='bbox 774 1391 863 1450; x_wconf 87' lang='lat' dir='ltr'>vagae</span> 
     </span>
     <span class='ocr_line' id='line_1_14' title="bbox 96 1460 876 1540; baseline -0.004 -16"><span class='ocrx_word' id='word_1_70' title='bbox 96 1485 119 1524; x_wconf 83' lang='lat' dir='ltr'>rs</span> <span class='ocrx_word' id='word_1_71' title='bbox 273 1460 462 1540; x_wconf 83' lang='lat' dir='ltr'>Complerent</span> <span class='ocrx_word' id='word_1_72' title='bbox 485 1462 574 1521; x_wconf 90' lang='lat' dir='ltr'>etiam</span> <span class='ocrx_word' id='word_1_73' title='bbox 598 1479 725 1521; x_wconf 88' lang='lat' dir='ltr'>ooneava</span> <span class='ocrx_word' id='word_1_74' title='bbox 748 1461 876 1540; x_wconf 89' lang='lat' dir='ltr'>vallium,</span> 
     </span>
     <span class='ocr_line' id='line_1_15' title="bbox 344 1549 797 1628; baseline 0.002 -18"><span class='ocrx_word' id='word_1_75' title='bbox 344 1549 469 1628; x_wconf 88' lang='lat' dir='ltr'>Campos</span> <span class='ocrx_word' id='word_1_76' title='bbox 494 1557 524 1610; x_wconf 87' lang='lat' dir='ltr'>et</span> <span class='ocrx_word' id='word_1_77' title='bbox 546 1551 615 1627; x_wconf 84' lang='lat' dir='ltr'>iuga</span> <span class='ocrx_word' id='word_1_78' title='bbox 637 1552 797 1611; x_wconf 89' lang='lat' dir='ltr'>montium:</span> 
     </span>
     <span class='ocr_line' id='line_1_16' title="bbox 271 1638 980 1719; baseline 0.001 -21"><span class='ocrx_word' id='word_1_79' title='bbox 271 1638 357 1700; x_wconf 88' lang='lat' dir='ltr'>Nuno</span> <span class='ocrx_word' id='word_1_80' title='bbox 380 1639 479 1718; x_wconf 80' lang='lat' dir='ltr'>lapsae</span> <span class='ocrx_word' id='word_1_81' title='bbox 502 1641 622 1718; x_wconf 92' lang='lat' dir='ltr'>penitus</span> <span class='ocrx_word' id='word_1_82' title='bbox 646 1657 715 1718; x_wconf 91' lang='lat' dir='ltr'>spes</span> <span class='ocrx_word' id='word_1_83' title='bbox 739 1647 768 1699; x_wconf 86' lang='lat' dir='ltr'>et</span> <span class='ocrx_word' id='word_1_84' title='bbox 791 1658 863 1719; x_wconf 92' lang='lat' dir='ltr'>opes</span> <span class='ocrx_word' id='word_1_85' title='bbox 887 1657 980 1718; x_wconf 81' lang='lat' dir='ltr'>nreae,</span> 
     </span>
     <span class='ocr_line' id='line_1_17' title="bbox 272 1727 944 1806; baseline 0.003 -19"><span class='ocrx_word' id='word_1_86' title='bbox 272 1727 309 1788; x_wconf 84' lang='lat' dir='ltr'>Et</span> <span class='ocrx_word' id='word_1_87' title='bbox 331 1728 437 1805; x_wconf 90' lang='lat' dir='ltr'>longus</span> <span class='ocrx_word' id='word_1_88' title='bbox 461 1730 579 1806; x_wconf 85' lang='lat' dir='ltr'>peperit</span> <span class='ocrx_word' id='word_1_89' title='bbox 601 1747 677 1806; x_wconf 86' lang='lat' dir='ltr'>quae</span> <span class='ocrx_word' id='word_1_90' title='bbox 701 1727 784 1789; x_wconf 90' lang='lat' dir='ltr'>labor</span> <span class='ocrx_word' id='word_1_91' title='bbox 807 1728 944 1789; x_wconf 90' lang='lat' dir='ltr'>omnibus</span> 
     </span>
     <span class='ocr_line' id='line_1_18' title="bbox 272 1816 833 1896; baseline 0.005 -21"><span class='ocrx_word' id='word_1_92' title='bbox 272 1816 355 1878; x_wconf 89' lang='lat' dir='ltr'>Vitae</span> <span class='ocrx_word' id='word_1_93' title='bbox 379 1816 572 1896; x_wconf 87' lang='lat' dir='ltr'>temporibus,</span> <span class='ocrx_word' id='word_1_94' title='bbox 595 1817 711 1895; x_wconf 91' lang='lat' dir='ltr'>perdita</span> <span class='ocrx_word' id='word_1_95' title='bbox 734 1816 833 1879; x_wconf 91' lang='lat' dir='ltr'>biduo.</span> 
     </span>
     <span class='ocr_line' id='line_1_19' title="bbox 345 1905 835 1967; baseline 0 -1"><span class='ocrx_word' id='word_1_96' title='bbox 345 1905 458 1966; x_wconf 85' lang='lat' dir='ltr'>Cursus</span> <span class='ocrx_word' id='word_1_97' title='bbox 481 1913 541 1966; x_wconf 90' lang='lat' dir='ltr'>tam</span> <span class='ocrx_word' id='word_1_98' title='bbox 566 1907 644 1966; x_wconf 88' lang='lat' dir='ltr'>citus</span> <span class='ocrx_word' id='word_1_99' title='bbox 668 1913 713 1966; x_wconf 91' lang='lat' dir='ltr'>est</span> <span class='ocrx_word' id='word_1_100' title='bbox 736 1906 835 1967; x_wconf 88' lang='lat' dir='ltr'>malis!</span> 
     </span>
     <span class='ocr_line' id='line_1_20' title="bbox 199 1994 900 2074; baseline -0.003 -16"><span class='ocrx_word' id='word_1_101' title='bbox 199 2043 206 2058; x_wconf 90' lang='lat'><strong>.</strong></span> <span class='ocrx_word' id='word_1_102' title='bbox 274 1995 353 2056; x_wconf 87' lang='lat' dir='ltr'>Haeo</span> <span class='ocrx_word' id='word_1_103' title='bbox 378 1997 437 2056; x_wconf 91' lang='lat' dir='ltr'>iam</span> <span class='ocrx_word' id='word_1_104' title='bbox 462 1994 525 2055; x_wconf 89' lang='lat' dir='ltr'>dira</span> <span class='ocrx_word' id='word_1_105' title='bbox 549 1995 613 2056; x_wconf 90' lang='lat' dir='ltr'>lues</span> <span class='ocrx_word' id='word_1_106' title='bbox 637 2013 758 2074; x_wconf 91' lang='lat' dir='ltr'>serpere</span> <span class='ocrx_word' id='word_1_107' title='bbox 783 1995 900 2056; x_wconf 85' lang='lat' dir='ltr'>dieitur.</span> 
     </span>
     <span class='ocr_line' id='line_1_21' title="bbox 271 2083 869 2164; baseline 0 -19"><span class='ocrx_word' id='word_1_108' title='bbox 271 2084 391 2146; x_wconf 76' lang='lat' dir='ltr'>l&#39;ridem</span> <span class='ocrx_word' id='word_1_109' title='bbox 413 2085 591 2163; x_wconf 87' lang='lat' dir='ltr'>Pannonios,</span> <span class='ocrx_word' id='word_1_110' title='bbox 614 2083 728 2163; x_wconf 84' lang='lat' dir='ltr'>lllyrios</span> <span class='ocrx_word' id='word_1_111' title='bbox 752 2102 869 2164; x_wconf 90' lang='lat' dir='ltr'>quoque</span> 
     </span>
     <span class='ocr_line' id='line_1_22' title="bbox 273 2173 887 2253; baseline 0 -20"><span class='ocrx_word' id='word_1_112' title='bbox 273 2173 310 2234; x_wconf 86' lang='lat' dir='ltr'>Et</span> <span class='ocrx_word' id='word_1_113' title='bbox 333 2173 437 2252; x_wconf 90' lang='lat' dir='ltr'>Belgas</span> <span class='ocrx_word' id='word_1_114' title='bbox 460 2175 591 2252; x_wconf 90' lang='lat' dir='ltr'>graviter</span> <span class='ocrx_word' id='word_1_115' title='bbox 614 2175 718 2234; x_wconf 87' lang='lat' dir='ltr'>stravit</span> <span class='ocrx_word' id='word_1_116' title='bbox 742 2181 771 2234; x_wconf 87' lang='lat' dir='ltr'>et</span> <span class='ocrx_word' id='word_1_117' title='bbox 794 2176 887 2253; x_wconf 91' lang='lat' dir='ltr'>impio</span> 
     </span>
     <span class='ocr_line' id='line_1_23' title="bbox 344 2263 869 2342; baseline -0.002 -19"><span class='ocrx_word' id='word_1_118' title='bbox 344 2263 440 2323; x_wconf 85' lang='lat' dir='ltr'>Cursu</span> <span class='ocrx_word' id='word_1_119' title='bbox 463 2281 518 2322; x_wconf 93' lang='lat' dir='ltr'>nos</span> <span class='ocrx_word' id='word_1_120' title='bbox 542 2281 660 2342; x_wconf 84' lang='lat' dir='ltr'>quoque</span> <span class='ocrx_word' id='word_1_121' title='bbox 684 2281 763 2322; x_wconf 91' lang='lat' dir='ltr'>nuno</span> <span class='ocrx_word' id='word_1_122' title='bbox 786 2265 869 2342; x_wconf 86' lang='lat' dir='ltr'>petit.</span> 
     </span>
     <span class='ocr_line' id='line_1_24' title="bbox 274 2351 905 2430; baseline 0 -18"><span class='ocrx_word' id='word_1_123' title='bbox 274 2351 332 2412; x_wconf 87' lang='lat' dir='ltr'>Sed</span> <span class='ocrx_word' id='word_1_124' title='bbox 356 2361 398 2430; x_wconf 87' lang='lat' dir='ltr'>tu,</span> <span class='ocrx_word' id='word_1_125' title='bbox 421 2354 473 2430; x_wconf 91' lang='lat' dir='ltr'>qui</span> <span class='ocrx_word' id='word_1_126' title='bbox 497 2352 601 2412; x_wconf 91' lang='lat' dir='ltr'>solitus</span> <span class='ocrx_word' id='word_1_127' title='bbox 624 2370 712 2412; x_wconf 89' lang='lat' dir='ltr'>nosse</span> <span class='ocrx_word' id='word_1_128' title='bbox 737 2351 905 2413; x_wconf 88' lang='lat' dir='ltr'>salubribus</span> 
     </span>
     <span class='ocr_line' id='line_1_25' title="bbox 274 2441 833 2520; baseline -0.004 -18"><span class='ocrx_word' id='word_1_129' title='bbox 274 2441 360 2502; x_wconf 90' lang='lat' dir='ltr'>Sueis</span> <span class='ocrx_word' id='word_1_130' title='bbox 384 2443 548 2520; x_wconf 85' lang='lat' dir='ltr'>perniciem</span> <span class='ocrx_word' id='word_1_131' title='bbox 571 2441 682 2518; x_wconf 90' lang='lat' dir='ltr'>pellere</span> <span class='ocrx_word' id='word_1_132' title='bbox 705 2443 833 2520; x_wconf 85' lang='lat' dir='ltr'>noxiam,</span> 
     </span>
     <span class='ocr_line' id='line_1_26' title="bbox 275 2529 997 2610; baseline 0 -20"><span class='ocrx_word' id='word_1_133' title='bbox 275 2529 335 2590; x_wconf 83' lang='lat' dir='ltr'>Cur</span> <span class='ocrx_word' id='word_1_134' title='bbox 357 2548 417 2589; x_wconf 95' lang='lat' dir='ltr'>non</span> <span class='ocrx_word' id='word_1_135' title='bbox 440 2531 615 2608; x_wconf 80' lang='lat' dir='ltr'>anticipans,</span> <span class='ocrx_word' id='word_1_136' title='bbox 639 2548 714 2608; x_wconf 86' lang='lat' dir='ltr'>quae</span> <span class='ocrx_word' id='word_1_137' title='bbox 737 2530 897 2591; x_wconf 90' lang='lat' dir='ltr'>metuenda</span> <span class='ocrx_word' id='word_1_138' title='bbox 920 2539 997 2610; x_wconf 90' lang='lat' dir='ltr'>sunt,</span> 
     </span>
     <span class='ocr_line' id='line_1_27' title="bbox 343 2615 780 2679; baseline 0 -1"><span class='ocrx_word' id='word_1_139' title='bbox 343 2618 478 2678; x_wconf 82' lang='lat' dir='ltr'>Admosti</span> <span class='ocrx_word' id='word_1_140' title='bbox 500 2617 631 2679; x_wconf 89' lang='lat' dir='ltr'>medieas</span> <span class='ocrx_word' id='word_1_141' title='bbox 653 2615 780 2679; x_wconf 82' lang='lat' dir='ltr'>manus?</span> 
     </span>
     <span class='ocr_line' id='line_1_28' title="bbox 203 2707 937 2787; baseline -0.003 -17"><span class='ocrx_word' id='word_1_142' title='bbox 203 2755 210 2770; x_wconf 87' lang='lat'>.</span> <span class='ocrx_word' id='word_1_143' title='bbox 275 2708 362 2768; x_wconf 87' lang='lat' dir='ltr'>Tanti</span> <span class='ocrx_word' id='word_1_144' title='bbox 385 2707 466 2768; x_wconf 92' lang='lat' dir='ltr'>nulla</span> <span class='ocrx_word' id='word_1_145' title='bbox 489 2716 586 2768; x_wconf 89' lang='lat' dir='ltr'>metus</span> <span class='ocrx_word' id='word_1_146' title='bbox 609 2709 728 2786; x_wconf 91' lang='lat' dir='ltr'>praevia</span> <span class='ocrx_word' id='word_1_147' title='bbox 752 2709 835 2786; x_wconf 90' lang='lat' dir='ltr'>signa</span> <span class='ocrx_word' id='word_1_148' title='bbox 860 2716 937 2787; x_wconf 92' lang='lat' dir='ltr'>sunt,</span> 
     </span>
     <span class='ocr_line' id='line_1_29' title="bbox 276 2795 1021 2876; baseline 0 -20"><span class='ocrx_word' id='word_1_149' title='bbox 276 2795 334 2856; x_wconf 91' lang='lat' dir='ltr'>Sed</span> <span class='ocrx_word' id='word_1_150' title='bbox 358 2795 437 2875; x_wconf 89' lang='lat' dir='ltr'>quod</span> <span class='ocrx_word' id='word_1_151' title='bbox 461 2799 593 2875; x_wconf 85' lang='lat' dir='ltr'>corripit,</span> <span class='ocrx_word' id='word_1_152' title='bbox 617 2796 646 2855; x_wconf 93' lang='lat' dir='ltr'>id</span> <span class='ocrx_word' id='word_1_153' title='bbox 670 2796 792 2856; x_wconf 89' lang='lat' dir='ltr'>morbus</span> <span class='ocrx_word' id='word_1_154' title='bbox 816 2804 845 2857; x_wconf 93' lang='lat' dir='ltr'>et</span> <span class='ocrx_word' id='word_1_155' title='bbox 868 2798 1021 2876; x_wconf 90' lang='lat' dir='ltr'>opprimit:</span> 
     </span>
    </p>
   </div>
   <div class='ocr_carea' id='block_1_3' title="bbox 137 3038 1105 3678">
    <p class='ocr_par' dir='ltr' id='par_1_3' title="bbox 137 3038 1104 3392">
     <span class='ocr_line' id='line_1_30' title="bbox 137 3038 1102 3109; baseline -0.001 -15"><span class='ocrx_word' id='word_1_156' title='bbox 137 3057 208 3095; x_wconf 84' lang='lat' dir='ltr'>enee.</span> <span class='ocrx_word' id='word_1_157' title='bbox 224 3039 277 3093; x_wconf 89' lang='lat' dir='ltr'>XI</span> <span class='ocrx_word' id='word_1_158' title='bbox 290 3041 399 3107; x_wconf 82' lang='lat' dir='ltr'>scripto,</span> <span class='ocrx_word' id='word_1_159' title='bbox 418 3041 452 3106; x_wconf 79' lang='lat' dir='ltr'>af.</span> <span class='ocrx_word' id='word_1_160' title='bbox 473 3040 585 3105; x_wconf 85' lang='lat' dir='ltr'>Deh&#39;sle,</span> <span class='ocrx_word' id='word_1_161' title='bbox 605 3038 700 3093; x_wconf 78' lang='lat' dir='ltr'>Gabia.</span> <span class='ocrx_word' id='word_1_162' title='bbox 721 3039 767 3092; x_wconf 83' lang='lat' dir='ltr'>des</span> <span class='ocrx_word' id='word_1_163' title='bbox 785 3055 845 3094; x_wconf 79' lang='lat' dir='ltr'>nee.</span> <span class='ocrx_word' id='word_1_164' title='bbox 866 3043 1016 3109; x_wconf 77' lang='lat' dir='ltr'>3,38bsq.;</span> <span class='ocrx_word' id='word_1_165' title='bbox 1034 3056 1102 3094; x_wconf 83' lang='lat' dir='ltr'>nne.</span> 
     </span>
     <span class='ocr_line' id='line_1_31' title="bbox 138 3111 1104 3175; baseline -0.003 -9"><span class='ocrx_word' id='word_1_166' title='bbox 138 3112 227 3166; x_wconf 84' lang='lat' dir='ltr'>Rhen.</span> <span class='ocrx_word' id='word_1_167' title='bbox 248 3114 291 3175; x_wconf 84' lang='lat'>48,</span> <span class='ocrx_word' id='word_1_168' title='bbox 303 3115 363 3165; x_wconf 78' lang='grc'>284.</span> <span class='ocrx_word' id='word_1_169' title='bbox 401 3112 446 3165; x_wconf 90' lang='lat' dir='ltr'>De</span> <span class='ocrx_word' id='word_1_170' title='bbox 463 3113 567 3165; x_wconf 78' lang='lat' dir='ltr'>rhetore</span> <span class='ocrx_word' id='word_1_171' title='bbox 591 3111 676 3164; x_wconf 79' lang='lat' dir='ltr'>haias</span> <span class='ocrx_word' id='word_1_172' title='bbox 702 3111 831 3175; x_wconf 81' lang='lat' dir='ltr'>nonra&#39;nr&#39;a,</span> <span class='ocrx_word' id='word_1_173' title='bbox 859 3111 978 3165; x_wconf 82' lang='lat' dir='ltr'>Panh&#39;nr&#39;</span> <span class='ocrx_word' id='word_1_174' title='bbox 995 3111 1104 3166; x_wconf 80' lang='lat' dir='ltr'>Nolani</span> 
     </span>
     <span class='ocr_line' id='line_1_32' title="bbox 138 3180 1103 3249; baseline 0 -12"><span class='ocrx_word' id='word_1_175' title='bbox 138 3185 237 3249; x_wconf 78' lang='lat' dir='ltr'>arnico,</span> <span class='ocrx_word' id='word_1_176' title='bbox 255 3199 279 3237; x_wconf 84' lang='lat' dir='ltr'>a.</span> <span class='ocrx_word' id='word_1_177' title='bbox 298 3183 401 3249; x_wconf 77' lang='lat' dir='ltr'>Teuffel</span> <span class='ocrx_word' id='word_1_178' title='bbox 419 3188 433 3247; x_wconf 66' lang='lat'>5</span> <span class='ocrx_word' id='word_1_179' title='bbox 450 3187 510 3247; x_wconf 82' lang='grc'>367,</span> <span class='ocrx_word' id='word_1_180' title='bbox 522 3187 545 3235; x_wconf 85' lang='grc'>7.</span> <span class='ocrx_word' id='word_1_181' title='bbox 582 3180 613 3233; x_wconf 87' lang='lat' dir='ltr'>id</span> <span class='ocrx_word' id='word_1_182' title='bbox 631 3183 674 3234; x_wconf 79' lang='lat' dir='ltr'>aab</span> <span class='ocrx_word' id='word_1_183' title='bbox 693 3198 726 3235; x_wconf 88' lang='lat' dir='ltr'>eae</span> <span class='ocrx_word' id='word_1_184' title='bbox 743 3183 852 3235; x_wconf 78' lang='lat' dir='ltr'>nomine</span> <span class='ocrx_word' id='word_1_185' title='bbox 870 3183 943 3248; x_wconf 81' lang='lat' dir='ltr'>falso</span> <span class='ocrx_word' id='word_1_186' title='bbox 961 3183 1103 3248; x_wconf 76' lang='lat' dir='ltr'>intellecto,</span> 
     </span>
     <span class='ocr_line' id='line_1_33' title="bbox 137 3252 1103 3322; baseline -0.003 -13"><span class='ocrx_word' id='word_1_187' title='bbox 137 3255 255 3322; x_wconf 80' lang='lat' dir='ltr'>fortasse</span> <span class='ocrx_word' id='word_1_188' title='bbox 274 3252 389 3306; x_wconf 86' lang='lat' dir='ltr'>Aedesii</span> <span class='ocrx_word' id='word_1_189' title='bbox 416 3254 566 3322; x_wconf 73' lang='lat' dir='ltr'>(Amorion.</span> <span class='ocrx_word' id='word_1_190' title='bbox 592 3253 654 3306; x_wconf 89' lang='lat' dir='ltr'>XV</span> <span class='ocrx_word' id='word_1_191' title='bbox 670 3258 694 3320; x_wconf 81' lang='lat' dir='ltr'>b,</span> <span class='ocrx_word' id='word_1_192' title='bbox 705 3255 732 3322; x_wconf 85' lang='grc'>4)</span> <span class='ocrx_word' id='word_1_193' title='bbox 760 3260 849 3308; x_wconf 82' lang='lat' dir='ltr'>ortana</span> <span class='ocrx_word' id='word_1_194' title='bbox 873 3260 951 3322; x_wconf 82' lang='lat' dir='ltr'>pato.</span> <span class='ocrx_word' id='word_1_195' title='bbox 979 3252 1103 3307; x_wconf 83' lang='lat' dir='ltr'>Baculus</span> 
     </span>
     <span class='ocr_line' id='line_1_34' title="bbox 137 3323 997 3392; baseline 0.001 -13"><span class='ocrx_word' id='word_1_196' title='bbox 137 3332 165 3379; x_wconf 82' lang='lat' dir='ltr'>et</span> <span class='ocrx_word' id='word_1_197' title='bbox 193 3331 207 3378; x_wconf 90' lang='lat'>1</span> <span class='ocrx_word' id='word_1_198' title='bbox 232 3323 338 3378; x_wconf 90' lang='lat' dir='ltr'>Bueule</span> <span class='ocrx_word' id='word_1_199' title='bbox 357 3325 385 3378; x_wconf 94' lang='lat' dir='ltr'><strong><em>P</em></strong></span> <span class='ocrx_word' id='word_1_200' title='bbox 492 3331 524 3379; x_wconf 90' lang='lat'>11</span> <span class='ocrx_word' id='word_1_201' title='bbox 545 3323 601 3376; x_wconf 83' lang='lat' dir='ltr'>Sed</span> <span class='ocrx_word' id='word_1_202' title='bbox 626 3324 704 3377; x_wconf 91' lang='lat' dir='ltr'>..id</span> <span class='ocrx_word' id='word_1_203' title='bbox 732 3324 828 3392; x_wconf 78' lang='lat' dir='ltr'>coquit</span> <span class='ocrx_word' id='word_1_204' title='bbox 855 3326 997 3380; x_wconf 77' lang='lat' dir='ltr'>Baehrens</span> 
     </span>
    </p>

    <p class='ocr_par' dir='ltr' id='par_1_4' title="bbox 137 3394 1105 3678">
     <span class='ocr_line' id='line_1_35' title="bbox 140 3394 1105 3465; baseline 0.001 -18"><span class='ocrx_word' id='word_1_205' title='bbox 140 3401 175 3448; x_wconf 81' lang='lat'>13</span> <span class='ocrx_word' id='word_1_206' title='bbox 195 3396 262 3449; x_wconf 89' lang='lat' dir='ltr'>Bne.</span> <span class='ocrx_word' id='word_1_207' title='bbox 281 3411 330 3449; x_wconf 86' lang='lat' dir='ltr'>orn.</span> <span class='ocrx_word' id='word_1_208' title='bbox 351 3397 379 3450; x_wconf 92' lang='lat' dir='ltr'><strong><em>P</em></strong></span> <span class='ocrx_word' id='word_1_209' title='bbox 450 3401 483 3449; x_wconf 81' lang='lat' dir='ltr'>lb</span> <span class='ocrx_word' id='word_1_210' title='bbox 504 3394 677 3464; x_wconf 81' lang='lat' dir='ltr'>Complerint</span> <span class='ocrx_word' id='word_1_211' title='bbox 695 3396 847 3450; x_wconf 75' lang='lat' dir='ltr'>Heumann</span> <span class='ocrx_word' id='word_1_212' title='bbox 927 3401 960 3448; x_wconf 81' lang='lat' dir='ltr'>ll</span> <span class='ocrx_word' id='word_1_213' title='bbox 980 3395 1041 3465; x_wconf 86' lang='lat' dir='ltr'>opis</span> <span class='ocrx_word' id='word_1_214' title='bbox 1060 3397 1105 3449; x_wconf 78' lang='lat' dir='ltr'>est</span> 
     </span>
     <span class='ocr_line' id='line_1_36' title="bbox 137 3465 1104 3536; baseline -0.001 -16"><span class='ocrx_word' id='word_1_215' title='bbox 137 3467 169 3520; x_wconf 92' lang='lat' dir='ltr'><em>P</em></span> <span class='ocrx_word' id='word_1_216' title='bbox 203 3467 233 3520; x_wconf 84' lang='lat' dir='ltr'>et</span> <span class='ocrx_word' id='word_1_217' title='bbox 250 3483 317 3534; x_wconf 85' lang='lat' dir='ltr'>opes</span> <span class='ocrx_word' id='word_1_218' title='bbox 332 3468 480 3522; x_wconf 77' lang='lat' dir='ltr'>Buecheler</span> <span class='ocrx_word' id='word_1_219' title='bbox 552 3472 585 3519; x_wconf 91' lang='grc'>22</span> <span class='ocrx_word' id='word_1_220' title='bbox 605 3465 780 3520; x_wconf 85' lang='lat' dir='ltr'>Pannonicos</span> <span class='ocrx_word' id='word_1_221' title='bbox 794 3468 853 3522; x_wconf 88' lang='lat' dir='ltr'>edd.</span> <span class='ocrx_word' id='word_1_222' title='bbox 869 3475 933 3536; x_wconf 85' lang='lat' dir='ltr'>post</span> <span class='ocrx_word' id='word_1_223' title='bbox 950 3468 979 3523; x_wconf 91' lang='lat' dir='ltr'><em>P</em></span> <span class='ocrx_word' id='word_1_224' title='bbox 1012 3467 1104 3534; x_wconf 85' lang='lat' dir='ltr'>Illyri-</span> 
     </span>
     <span class='ocr_line' id='line_1_37' title="bbox 139 3538 1103 3606; baseline 0.001 -15"><span class='ocrx_word' id='word_1_225' title='bbox 139 3554 188 3592; x_wconf 80' lang='lat' dir='ltr'>eoe</span> <span class='ocrx_word' id='word_1_226' title='bbox 207 3538 242 3602; x_wconf 88' lang='lat' dir='ltr'>P,</span> <span class='ocrx_word' id='word_1_227' title='bbox 259 3554 327 3592; x_wconf 84' lang='lat' dir='ltr'>corr.</span> <span class='ocrx_word' id='word_1_228' title='bbox 347 3538 490 3594; x_wconf 81' lang='lat' dir='ltr'>Baehrens</span> <span class='ocrx_word' id='word_1_229' title='bbox 562 3542 595 3590; x_wconf 88' lang='grc'>29</span> <span class='ocrx_word' id='word_1_230' title='bbox 614 3538 712 3606; x_wconf 81' lang='lat' dir='ltr'>pervia</span> <span class='ocrx_word' id='word_1_231' title='bbox 730 3540 765 3605; x_wconf 90' lang='lat' dir='ltr'>P,</span> <span class='ocrx_word' id='word_1_232' title='bbox 783 3540 888 3593; x_wconf 77' lang='lat' dir='ltr'>correxi</span> <span class='ocrx_word' id='word_1_233' title='bbox 965 3544 998 3592; x_wconf 81' lang='lat'>30</span> <span class='ocrx_word' id='word_1_234' title='bbox 1018 3539 1103 3592; x_wconf 88' lang='lat' dir='ltr'>eorri-</span> 
     </span>
     <span class='ocr_line' id='line_1_38' title="bbox 138 3608 451 3678; baseline 0.013 -18"><span class='ocrx_word' id='word_1_235' title='bbox 138 3608 205 3678; x_wconf 85' lang='lat' dir='ltr'>puit</span> <span class='ocrx_word' id='word_1_236' title='bbox 222 3626 258 3662; x_wconf 92' lang='lat' dir='ltr'>m.</span> <span class='ocrx_word' id='word_1_237' title='bbox 283 3609 451 3676; x_wconf 81' lang='lat' dir='ltr'>Wernsdorf.</span> 
     </span>
    </p>
   </div>
   <div class='ocr_carea' id='block_1_4' title="bbox 0 0 1306 3922">
    <p class='ocr_par' dir='ltr' id='par_1_5' title="bbox 0 0 1306 3922">
     <span class='ocr_line' id='line_1_39' title="bbox 0 0 1306 3922; baseline 0 0"><span class='ocrx_word' id='word_1_238' title='bbox 0 0 1306 3922; x_wconf 95' lang='lat' dir='ltr'> </span> 
     </span>
    </p>
   </div>
  </div>
 </body>
</html>
