2582 3924
186 214 251 279 242
432 215 460 271 0.
476 221 672 282 rocam-114.
702 215 729 270 0.
747 217 819 283 reor,
831 231 896 270 1-20

186 381 311 461 Semper
334 389 413 443 serta
436 381 491 443 tibi
515 381 659 462 dabimus
682 383 738 443 tibi
761 401 879 462 semper
901 384 1042 444 honores:

252 469 317 531 Non
340 489 482 550 umquam
505 474 619 550 sitione,
642 472 747 532 florida
770 490 889 552 semper
912 474 979 533 eris.

132 680 345 774 111111110-
518 697 597 763 roob
624 696 713 786 (oram
738 698 816 787 uso)

187 827 236 888 Sic
260 835 306 888 est
327 827 481 888 Maecenas
504 826 564 887 fato
585 830 724 888 veniente
748 827 873 906 locutus,

253 915 392 994 Frigidus
416 924 446 976 et
467 917 586 977 iamiam
610 935 678 977 cum
701 919 864 978 moriturus
888 924 959 978 erat.

187 1002 297 1066 ‘Mene'
320 1006 418 1084 inquit
441 1002 569 1066 ‘iuvenis
591 1007 743 1085 primaevi,
766 1006 907 1086 luppiter,
931 1014 999 1066 anie

253 1095 418 1172 Angustum
440 1094 530 1154 Dmsi
552 1113 613 1155 non
637 1094 781 1156 cecidisse
806 1094 896 1156 diem!

186 1183 310 1244 Pectore
334 1190 450 1243 maturo
474 1183 570 1244 suerat
592 1202 676 1263 puer,
698 1185 816 1263 integer
838 1202 917 1263 aevo,

253 1271 292 1332 Et
313 1290 454 1350 magnum
476 1275 576 1352 magni
599 1273 735 1334 Caesaris
759 1273 831 1334 illud
854 1293 937 1353 opus·

186 1360 318 1422 Discidio
342 1361 506 1440 vellemque
530 1360 625 1441 prius’
651 1397 694 1404 —
717 1381 777 1422 nou
801 1365 899 1424 omnia
923 1362 1005 1441 dixit,

253 1449 419 1529 lnciditque
442 1450 547 1529 pudor,
571 1469 646 1530 quae
671 1470 762 1531 prope
787 1452 860 1511 dixit
883 1471 973 1512 amor.

188 1539 239 1599 Set
262 1540 439 1600 manifestus
463 1547 539 1600 erat:
563 1542 693 1601 moriens
717 1540 879 1620 quaerebat
901 1549 1013 1601 amatae

255 1628 396 1707 Coniugis
420 1628 572 1707 amplexus
596 1628 695 1690 oscula
718 1629 807 1690 verba
831 1648 945 1690 manus,

190 1715 253 1779 ‘Set
275 1723 374 1778 tamen
398 1716 454 1777 boc
478 1720 550 1778 satis
574 1726 632 1778 est:
658 1720 718 1778 vixi
740 1725 779 1797 te,
802 1718 919 1798 Caesar,
942 1720 1036 1779 amico

255 1806 293 1866 Et
315 1804 437 1867 morior'
463 1806 548 1888 dixit3
572 1804 655 1868 ‘dum
678 1809 857 1887 moriorque,
881 1815 926 1868 sat
950 1815 1002 1868 est.

187 1894 325 1957 Mollibus
349 1915 384 1956 ex
408 1895 502 1956 oculis
525 1896 632 1976 aliquis
655 1897 710 1957 tibi
733 1896 869 1976 procidet
891 1898 1005 1976 humor,

256 1985 330 2045 Cum
355 1985 437 2045 dicar
460 1985 558 2046 subito
580 2003 651 2046 voce
676 1981 792 2046 ‘luisse’
816 1986 879 2047 tibi.

189 2073 253 2134 Hoc
275 2073 349 2134 mibi
372 2076 535 2153 contingat:
558 2076 670 2135 iaceam
693 2074 800 2135 tellure
825 2075 879 2136 sub
903 2093 1004 2154 aequa.
1163 2095 1189 2136 15

257 2161 318 2223 Nec
341 2171 440 2224 tamen
463 2164 520 2223 boc
542 2163 621 2224 ultra
643 2171 672 2224 te
698 2163 827 2225 doluisse
850 2164 947 2224 velim.

191 2251 242 2312 Set
264 2253 437 2312 meminisse
459 2253 556 2312 velim.
601 2254 697 2313 vivam
721 2252 908 2314 sermonibus
932 2252 1005 2313 illic:

258 2340 382 2419 Semper
405 2359 466 2420 ero7
490 2359 607 2421 semper
631 2344 657 2402 si
680 2344 852 2402 meminisse
874 2341 963 2402 voles.

189 2427 253 2489 Hoc
276 2429 373 2490 decet:
398 2437 427 2490 et
450 2439 531 2490 certe
553 2432 649 2491 vivam
673 2430 728 2491 tibi
751 2449 870 2510 semper
893 2432 1013 2508 amicus,

255 2518 317 2579 Nec
339 2518 394 2578 tibi
418 2521 469 2598 qui
491 2521 618 2580 moritur
642 2519 751 2580 desinit
774 2539 839 2580 esse
865 2528 943 2581 tuus.

262 2711 313 2759 143
333 2707 431 2762 odores
451 2708 489 2760 M
522 2708 641 2762 honores
660 2711 688 2763 Β
761 2715 812 2762 144
831 2709 932 2763 siciens
953 2710 980 2762 B

263 2812 331 2868 780.
364 2816 392 2868 A
419 2816 594 2883 praecedenti
625 2817 747 2870 carmine
778 2817 917 2885 separavit
948 2815 1075 2885 Scaliper.

190 2885 316 2938 2eeiam
335 2884 392 2938 iam
412 2886 439 2938 B
512 2886 611 2939 3Men
629 2887 729 2955 inquid
749 2889 777 2941 B
812 2885 1117 2957 prim(a)euics1BM

190 2955 382 3025 ldngusiam
403 2958 440 3011 M
464 2956 621 3026 Augustam
650 2959 678 3013 Β
704 2958 863 3028 Angustum
882 2959 910 3011 Β
946 2957 1022 3011 bruti
1048 2958 1114 3012 iibri

189 3026 273 3082 Drusi
292 3028 433 3082 Francius
450 3029 534 3082 fidem
554 3030 626 3094 libri,
645 3047 712 3084 corr.
735 3031 830 3084 Heius.
879 3043 881 3050 ·
904 3034 919 3082 6
939 3031 973 3095 cs.
993 3030 1091 3083 consol.
1111 3031 1151 3083 ad

190 3100 252 3153 Leo.
273 3103 305 3150 39
335 3098 383 3153 ille
412 3100 496 3153 decus
516 3101 657 3155 Buelnena
684 3102 727 3168 (cf.
754 3102 830 3171 Verp
858 3101 939 3154 catal.
970 3107 1011 3167 11,
1022 3103 1047 3170 3)
1076 3099 1151 3153 illud

190 3187 260 3238 opus
279 3171 344 3223 iibri
416 3171 571 3225 ‘lDisoedo
590 3173 733 3226 Leidensis
805 3171 896 3225 caea
916 3174 951 3225 M
1041 3177 1072 3223 11
1094 3170 1151 3226 Sed

189 3257 246 3295 mn
278 3243 321 3294 est
339 3259 382 3295 om
396 3244 424 3296 B
498 3249 530 3295 12
550 3242 618 3296 satis
633 3244 699 3297 libri
712 3246 756 3296 sat
770 3246 813 3296 est
828 3244 958 3297 Pithoeus
1030 3247 1063 3295 13
1082 3260 1151 3296 1111111

190 3311 337 3381 procidat?
356 3312 456 3367 humor
475 3315 540 3368 libri
561 3315 596 3380 cf.
618 3315 722 3368 Consol.
742 3315 779 3369 acl
797 3316 859 3368 Lio.
880 3319 931 3366 166
959 3315 1083 3381 Propert.
1104 3316 1157 3369 IV

191 3390 233 3451 11,
246 3388 287 3437 58.
307 3401 334 3437 o.
346 3389 451 3437 23-26
471 3392 533 3440 ante
545 3391 648 3439 13—22
664 3386 783 3440 Ribbeck
848 3391 879 3439 16
898 3385 958 3439 Hec
976 3387 1005 3440 Β
1023 3385 1152 3454 potuisse

191 3455 263 3520 libri,
282 3470 350 3509 corr.
371 3456 506 3510 Heinsius
542 3456 582 3509 nil
604 3457 731 3525 potuisse
750 3457 826 3512 Ellis
898 3461 930 3510 17
951 3456 1005 3510 Sed
1025 3456 1063 3510 M

192 3531 224 3579 19
243 3525 304 3580 Hoc
332 3526 464 3581 Ribbeck:
492 3527 528 3579 Et
556 3529 621 3583 libri
657 3527 695 3580 Ut
721 3529 823 3582 Ziebea
860 3528 966 3582 amicus
990 3528 1018 3582 Ii
1054 3543 1152 3582 amare

191 3598 263 3651 ΒΜ
332 3602 366 3650 20
386 3596 440 3650 sibi
459 3599 550 3652 Bartb
