2582 3924
421 236 621 304 O.'198·‚a-se.
642 236 670 291 (l.
687 243 746 306 799,
756 254 809 294 1-a
1032 241 1097 306 275

134 404 254 485 Absque
278 405 375 466 calare
399 406 483 466 loeus
506 424 566 466 nou
590 415 715 468 estnec
738 423 838 466 amore
861 407 968 486 puella,

202 494 267 554 Non
291 497 355 555 sine
379 513 468 556 came
492 494 579 575 pilus,
603 513 663 555 non
687 496 752 556 sine
774 494 851 574 pelle
876 515 953 574 caro,

134 581 200 643 Non
224 585 289 644 siue
313 591 408 644 matre
431 601 514 662 puer,
538 602 597 644 uon
622 590 667 644 est
690 585 755 644 sine
778 586 836 644 vite
861 583 984 664 Lyaeus,

94 695 121 734 ιο
202 672 268 733 Nan
291 673 356 734 sine
379 675 462 752 pisce
487 673 577 751 lacus,
600 690 661 732 non
685 675 749 733 siue
774 672 860 733 sorde
882 674 977 754 palus,

134 759 200 821 Non
225 764 289 822 sine
313 761 399 823 laude
423 764 500 842 pius,
524 780 584 822 non
608 769 654 822 est
678 764 742 822 siue
767 764 892 823 crimine
917 762 1000 843 latro,

201 849 267 911 Nun
291 853 355 911 sine
379 851 484 912 iraude
509 851 614 930 iarum,
637 869 697 911 non
721 853 785 912 sine
808 870 894 913 mure
917 871 1021 931 penus.

132 938 198 1000 Nun
223 940 296 1001 urbs
320 939 431 1019 abstpie
455 940 541 1019 malo,
564 959 624 1001 non
648 942 755 1001 scortis
778 939 890 1021 absque
913 941 1046 1023 lupanar,

200 1027 266 1089 Non
290 1031 355 1090 sine
378 1047 450 1090 voce
474 1048 574 1108 senus,
598 1047 657 1089 nen
682 1031 746 1089 siue
770 1028 836 1090 luce
861 1030 934 1090 dies.

91 1231 116 1270 aa
130 1206 225 1268 Dulce
249 1226 338 1287 sopor
360 1208 449 1268 lessis
473 1214 503 1268 et
524 1209 614 1268 terris
636 1207 759 1267 flumina
783 1209 880 1287 siccis,

198 1295 291 1357 Dulce
315 1299 393 1376 patri
414 1296 514 1377 proles
539 1296 739 1376 divitibusque
763 1314 841 1374 gaza.

132 1385 202 1446 Tela
226 1388 291 1446 viro
317 1385 406 1446 decus
431 1394 477 1447 est
499 1385 679 1465 peplumque
703 1384 860 1465 columque
884 1385 999 1463 puellis.

199 1474 277 1536 Laus
301 1477 366 1536 siue
389 1474 442 1536 lite
467 1475 580 1554 domus,
604 1474 669 1536 laus
693 1477 758 1535 sine
782 1475 847 1535 lure
871 1473 962 1536 lacus.

131 1653 217 1714 Scire
242 1653 354 1732 aliquid
377 1653 442 1714 laus
466 1660 520 1732 est,
544 1660 574 1715 et
597 1653 640 1713 nil
663 1654 781 1713 nescire
804 1651 981 1713 verendum:

88 1765 117 1804 so
198 1741 274 1803 Nam
298 1745 362 1803 sine
387 1742 522 1803 doctrina
546 1741 617 1821 quid
640 1744 700 1803 uisi
723 1744 819 1821 turpis
842 1739 952 1802 homo?

130 1921 227 2000 Visus,
251 1919 378 2000 auditus,
401 1928 507 1998 tactus,
531 1920 665 1999 ollactus,
688 1919 801 1981 hiatus:

196 2010 294 2070 Vnum
317 2013 448 2090 quinque
473 2009 563 2070 duces
587 2010 643 2071 sub
665 2012 730 2070 vice
754 2027 862 2088 eorpus
885 2008 946 2068 alit.

128 2099 206 2160 Dant
229 2098 308 2160 oculi
330 2099 477 2176 lacrimas,
501 2097 620 2159 auditus
644 2101 775 2177 concipit
797 2100 886 2177 auris,

198 2188 256 2249 Cor
280 2187 367 2266 dolet,
391 2207 424 2248 us
448 2187 587 2267 loquitur,
611 2206 702 2249 nasus
726 2187 816 2249 odore
840 2190 926 2267 sapit.

88 2388 115 2428 25
128 2366 287 2428 Armeniae
311 2368 414 2444 tigres,
437 2365 547 2445 Libyae
570 2367 629 2426 lert
651 2373 732 2426 terra
756 2364 866 2444 leones,

197 2456 251 2516 Est
274 2455 365 2516 elefas
387 2455 478 2534 ludis,
502 2462 568 2516 tura
592 2455 723 2516 Sabaeus
745 2453 844 2515 babet.

128 2544 228 2606 Giiles
251 2543 453 2625 hyperboreae
477 2553 591 2624 septem
615 2544 749 2605 subiecta
772 2545 864 2603 trioni

197 2633 285 2695 Genti
308 2651 368 2694 uon
392 2633 508 2712 absunt,
532 2634 647 2694 aemula
670 2636 764 2713 pestis
788 2632 870 2693 edax.

469 2825 533 2890 aee
557 2822 647 2912 (aaa
671 2821 751 2913 aas)
930 2805 1144 2900 millii}

126 2950 237 3036 [Aaao
260 2952 338 3032 qaid
359 2951 492 3016 melias?
515 2952 624 3034 Iaspis.
670 2951 747 3032 qaid
770 2949 912 3030 iaspide?
936 2969 1051 3015 seusus.

199 3040 283 3120 Quid
303 3041 417 3106 sensa?
440 3041 539 3117 ratem
562 3041 639 3122 qaid
661 3039 803 3104 ratione?
827 3039 965 3123 modas]

200 3256 305 3305 19-28
325 3251 415 3306 ausae
433 3253 539 3306 suadeta
639 3255 671 3304 19
692 3231 728 3303 la
748 3251 776 3304 Ρ
810 3249 919 3318 aliquid
934 3255 1004 3318 pato

126 3328 160 3376 21
180 3321 259 3390 hyab'
279 3325 307 3378 P
354 3322 407 3376 sub
433 3323 494 3376 viee
513 3323 532 3377 a‘.
548 3339 568 3376 e.
587 3319 723 3376 tualeam?
799 3326 831 3374 27
853 3319 877 3374 G
894 3320 948 3374 iles
966 3320 1089 3392 ypb01ee

124 3395 159 3448 P.
179 3425 215 3434 -
233 3394 364 3449 Fortasse
381 3394 412 3448 lu'
429 3394 556 3449 aaraiaali
573 3393 657 3448 medii
676 3393 736 3447 aevi
753 3399 825 3446 aaut.

200 3483 268 3538 799.
296 3484 328 3538 E
340 3509 374 3528 =
389 3484 591 3538 Esaara‘alensis
607 3482 630 3552 Q
643 3481 699 3535 111
710 3499 730 3536 s.
741 3481 828 3535 XIII
838 3484 893 3549 (ap,
904 3481 1087 3535 HartelBa'bl.

121 3573 151 3624 p.
167 3555 250 3623 Ha'sp.
267 3572 297 3624 p.
313 3557 384 3624 218).
440 3556 467 3609 L
482 3580 515 3598 =
531 3554 741 3608 Laurentianus
754 3557 797 3618 36,
809 3557 841 3606 18
861 3569 881 3606 s.
896 3552 963 3606 XV.
1017 3553 1087 3606 0=

128 3625 329 3682 ottobonianae
347 3631 399 3680 643
418 3642 438 3680 s.
455 3625 521 3680 XV.
565 3626 591 3680 V
601 3651 635 3670 --
655 3624 880 3690 Vindobaaeasa's,
904 3625 932 3678 A
948 3649 981 3669 ==
996 3625 1088 3692 Anys-

914 3712 927 3740 Ψ

876 3717 908 3765 18
