2586 3922
527 169 555 225 C.
571 176 632 238 893,
647 187 726 226 ce—ov

350 337 413 396 Vno
436 337 468 396 in
492 355 615 416 corpore
639 339 785 417 perditas!

278 425 334 486 llio
357 427 447 486 fontis
471 445 609 504 renuens,
633 429 775 505 graminis
799 431 955 490 immemor

279 516 366 576 Errat
389 514 531 576 succiduo
555 515 663 577 bucula
685 518 810 598 poplite3

278 603 339 664 Nec
363 605 483 682 longum
507 605 625 684 refugit,
649 606 702 668 sed
725 609 855 684 graviter
875 610 938 668 ruit

344 692 415 764 ‚Len
439 695 581 773 compede
605 694 783 756 claudicans

278 782 315 843 At
337 792 422 863 parte
447 802 482 843 ex
506 783 571 861 alia,
596 786 647 863 qui
670 784 781 845 vitulus
805 785 891 846 modo
962 833 963 838 η

278 870 415 932 Lascivae
440 872 549 932 saliens
572 881 709 934 texuerat
730 876 802 952 vias,
893 881 895 889 '

277 961 312 1021 Vt
335 970 460 1022 matrem
485 961 585 1040 subiit
608 981 676 1024 mox
700 963 758 1023 sibi
781 963 916 1024 morbido

346 1050 464 1111 Pestem
488 1053 577 1112 traxit
600 1050 636 1111 ab
659 1050 760 1112 ubere.
820 1089 822 1094 ι

276 1138 369 1200 llater
392 1141 528 1200 tristifico
552 1140 673 1202 vulnere
697 1143 805 1220 saucia,
892 1181 895 1187 ·

276 1229 312 1289 Vt
333 1230 406 1289 vidit
430 1230 515 1290 vituli
538 1229 655 1290 condita
680 1229 800 1309 lumina,

275 1316 404 1397 llugitus
428 1321 539 1380 iterans
563 1338 597 1380 ac
620 1322 730 1380 misere
754 1338 875 1397 gemens
951 1335 952 1338 ’

346 1407 440 1487 Lapsa
464 1418 510 1469 est
533 1417 563 1470 et
585 1408 677 1470 voluit
700 1411 784 1472 mori.

274 1495 358 1557 Tunc
380 1506 522 1576 tanquam
544 1505 689 1576 metuens,
713 1517 751 1558 ne
775 1500 841 1559 sitis
864 1498 961 1559 aridas

275 1585 388 1646 Fauces
411 1589 601 1686 opprimerpt
625 1590 668 1648 sic
692 1605 819 1666 quoque·
835 1587 903 1648 dum
927 1591 1012 1668 iacet,

273 1675 411 1735 Admovit
434 1674 592 1755 [moriens]
617 1677 709 1738 ubera
732 1685 859 1738 mortuo.-

344 1764 415 1826 Post
437 1773 563 1826 mortem
587 1768 681 1845 pietas
704 1769 792 1844 viget.
822 1791 824 1794 ’

273 1851 350 1914 Hinc
373 1863 477 1915 taurus
500 1854 588 1914 solidi
610 1857 657 1914 vir
680 1858 779 1933 gregis
802 1863 831 1916 et
853 1867 948 1935 pater,

273 1941 403 2004 Cervicis
427 1943 540 2004 validae
564 1943 669 2005 frontis
694 1951 729 2005 et
746 1944 864 2022 arduae,

273 2031 380 2093 Laetus
406 2032 476 2093 dum
500 2034 620 2094 sibimet
643 2034 710 2112 plus
733 2035 825 2093 nimio
849 2035 953 2112 placet,

342 2121 429 2182 Prato
453 2121 583 2182 concidit
605 2122 738 2183 herbido.

272 2210 364 2280 Quam
389 2211 490 2271 multis
514 2211 591 2271 loliis
614 2211 689 2272 silva
712 2211 886 2272 cadentibus

272 2296 407 2361 Nudatur
430 2300 535 2378 gelidis
559 2308 636 2361 tacta
656 2301 857 2384 aquilonibus

271 2386 366 2457 Quam
391 2388 492 2450 densis
515 2389 633 2450 fluitant
656 2389 815 2450 velleribus
839 2392 943 2468 nives‚l

342 2477 414 2538 Tam
439 2479 562 2539 crebrae
585 2478 732 2558 pecudum
757 2498 855 2540 neces,

271 2563 357 2626 Nunc
380 2575 474 2628 totum
497 2570 609 2646 tegitur
631 2568 786 2630 lunaribus
810 2570 919 2648 solum3

270 2653 416 2717 lnssantur
438 2657 709 2736 tumidis‘corpora
731 2658 895 2735 ventribus

269 2743 377 2806 Albent
398 2746 528 2807 lividulis
552 2747 663 2807 lumina
687 2747 825 2825 nubibus,

341 2833 438 2894 Tenso
462 2854 550 2896 crura
573 2838 671 2914 rigent
693 2835 778 2913 pede.
855 2879 857 2882 -

268 2920 330 2982 lam
354 2925 467 2984 circum
490 2925 612 2985 volitant
635 2927 751 3002 agmina
774 2926 905 2985 tristium

269 3009 467 3093 Dirarumque
491 3015 597 3092 avium,
619 3016 738 3092 iamque
752 3032 868 3074 ‘canum
893 3031 998 3092 greges

91 3123 119 3163 es
268 3098 414 3163 lusistunt
436 3103 542 3164 laceris
565 3101 732 3163 visceribus
756 3102 823 3180 frui,

339 3189 405 3252 Heu
429 3211 483 3253 cur
505 3211 565 3252 non
589 3194 678 3252 etiarn
701 3189 798 3252 meis?

133 3279 203 3358 Aeg.
270 3279 425 3361 Quidnam,
449 3300 567 3360 quaeso,
592 3281 663 3361 quid
687 3290 742 3359 est,
765 3280 845 3360 quod
868 3283 948 3340 vario
973 3281 1059 3341 modo

206 3491 239 3540 70
258 3494 411 3556 corruptos,
439 3489 574 3542 nexuerat
598 3489 699 3544 Ziehen
796 3489 1040 3544 comoriensem.
1060 3490 1094 3555 P,

132 3559 199 3614 odd.
218 3560 292 3614 Pata.
311 3560 413 3634 aalma..
841 3603 843 3607 .
994 3591 996 3598 ι

186 3655 280 3698 Anthol.
294 3657 335 3699 lat.
348 3658 367 3698 1.
382 3659 400 3698 2.
899 3654 932 3701 22
