2594 3920
1037 4 1291 11 —-——..——-

418 201 446 256 C.
462 207 652 268 486‚1ss-sos.
691 201 719 255 C.
735 205 796 269 487,
812 217 865 256 r-4
1085 200 1126 264 37

103 381 147 434 aas
164 367 233 428 Sive
257 367 323 447 cybi
347 387 400 428 seu
425 367 579 446 semiglobi
602 371 742 430 teretisve
766 367 901 447 cylindri,

162 457 279 536 Parque
304 475 339 516 ex
363 465 484 536 argento
509 457 667 518 simuletur
690 458 784 517 forma
807 459 923 536 nitenti,

162 545 296 616 Quarum
319 545 436 625 pondus
460 548 531 606 item
555 565 669 606 nosces.
717 547 762 606 lac
787 545 914 625 denique
939 545 1075 624 dragmas

162 634 215 695 Bis
239 653 289 695 sex
315 637 439 713 argenti,
463 653 548 696 cerae
572 641 634 695 tres
659 653 725 695 esse
749 644 896 714 repertas:

163 723 242 802 Ergo
266 726 297 783 in
320 724 502 802 ponderibus
526 743 612 785 cerae
636 726 811 803 argentique
834 723 968 802 liquebit,
1073 725 1077 734 '

104 825 148 866 soa
164 813 196 872 Si
220 831 274 891 par
297 813 391 873 forma
415 815 480 891 siet,
504 813 663 892 quadrupli
688 813 848 873 discrimen
873 816 980 873 inesse.

163 901 239 961 Tum
263 920 318 980 par
341 902 455 980 effigies
479 921 547 963 cera
572 902 730 963 simuletur
752 901 856 964 eadem

164 990 336 1069 Corruptae,
361 993 446 1051 cuius
470 991 605 1052 fraudem
630 1010 810 1070 cognoscere
834 1007 931 1051 curas.

165 1079 214 1139 Sic
238 1081 350 1140 iustum
373 1080 497 1159 pondus,
522 1081 601 1159 quod
624 1081 708 1141 lance
732 1082 884 1141 inveneris
907 1098 1009 1157 aequa,

163 1168 198 1229 ln
222 1168 421 1248 quadruplum
446 1169 549 1249 duces,
573 1169 733 1248 quadrupli
755 1188 824 1230 nam
848 1167 989 1248 ponderis
1013 1176 1102 1245 esset,

106 1271 148 1311 sot
166 1257 197 1318 Si
221 1259 298 1318 soret
322 1261 437 1336 argenti
460 1258 552 1318 moles
577 1277 652 1338 quae
677 1277 763 1318 cerea
785 1277 866 1318 nuno
890 1260 936 1318 sit.

165 1346 270 1407 Cetera
294 1350 352 1406 iam
371 1354 444 1426 puto
467 1355 536 1408 nota
560 1347 615 1408 tibi
639 1383 680 1390 —
705 1366 772 1408 nam
798 1347 926 1408 diximus
950 1355 1018 1406 ante
1042 1379 1084 1388 —-

165 1435 228 1506 Quo
252 1444 338 1514 pacto
363 1439 474 1497 iirrtum
499 1439 563 1496 sine
587 1439 672 1515 aquis
696 1437 880 1516 deprendere
903 1438 1008 1516 possis.

166 1524 247 1586 Haec
271 1524 374 1585 eadem
397 1527 428 1585 in
453 1525 577 1604 reliquis
600 1529 713 1605 poteris
737 1534 872 1605 spectare
897 1525 1032 1586 metallis.

615 1878 679 1942 487

398 2017 570 2084 mutan
593 2018 897 2086 tarnanensis
971 2000 1184 2101 Mittit:

165 2166 196 2226 Si
220 2185 290 2226 vere
314 2174 443 2226 exurunt
466 2169 559 2244 igneS,
584 2184 638 2227 cur
661 2169 768 2246 vivitis,
793 2163 912 2228 undae?

166 2255 198 2316 Si
221 2273 292 2316 vere
316 2258 495 2334 extinguunt
519 2255 625 2334 undae,
650 2275 704 2316 cur
726 2258 834 2334 vivitis,
858 2253 964 2334 ignes?
1068 2267 1069 2272 ’

166 2344 368 2425 Lympharum
392 2346 423 2404 iu
447 2346 571 2423 gremiis
594 2346 732 2406 inimicos
756 2344 888 2405 condidit
911 2341 1008 2423 ignes:

233 2434 412 2494 Communes
436 2442 519 2494 ortus
544 2435 671 2512 imperat
694 2435 751 2495 alta
775 2452 889 2494 manus

239 2717 289 2766 196
308 2711 374 2764 cubi
393 2712 553 2766 Endla'ahen
590 2713 691 2766 Finem
709 2713 797 2767 deesse
811 2717 888 2781 pato.

236 2833 303 2890 487.
337 2838 364 2891 A
379 2862 412 2882 =
433 2837 650 2892 Vindobonensis
670 2842 702 2890 16
721 2854 788 2892 saec.
810 2835 978 2901 VIII-IX,
996 2836 1045 2902 sol.
1065 2839 1107 2888 56.

166 2908 352 2976 iextinguni
370 2909 397 2962 A
488 2907 632 2976 3Limph.
652 2909 679 2961 A
722 2909 763 2975 Os.
785 2907 934 2976 Gregorius
965 2907 1131 2960 Turonensis

165 2980 210 3032 De
228 2996 311 3033 cassa
328 2980 469 3033 stellarum
490 2984 535 3032 14:
558 2977 705 3044 ‘Quintum
724 2979 908 3047 (miraculum)
928 2979 972 3031 est
990 2977 1025 3032 de
1043 2977 1130 3030 fonti-

164 3048 218 3102 bus
238 3048 519 3120 Gratiaaopolitanis,
548 3049 583 3104 de
606 3050 709 3117 quibus
735 3049 819 3103 simul
837 3051 866 3103 ei
884 3049 961 3102 latex
985 3050 1084 3102 manat
1102 3051 1131 3101 et

165 3119 288 3190 ignis..
326 3119 400 3174 Hinc
419 3119 544 3175 Hilarius
567 3121 684 3188 quidam
703 3122 756 3175 aii:
786 3120 815 3174 st
835 3163 840 3173 .
858 3163 862 3174 .
882 3136 991 3185 manus,
1020 3123 1049 3173 ei
1066 3120 1130 3173 reli-

166 3193 241 3260 qua!
318 3193 451 3247 Hilarius
469 3193 639 3248 Arelatensis
660 3193 771 3262 scripsit
791 3192 905 3246 ‘Versus
924 3191 1011 3244 fontis
1030 3191 1130 3245 arden-

167 3263 217 3316 tis’
237 3264 401 3318 Honoratus
420 3265 606 3319 Massiliensis
647 3263 712 3318 Vita
731 3264 792 3316 Hil.
813 3269 844 3317 11
