2586 3922
387 173 413 228 c.
430 173 577 240 sacti-s.
598 173 626 228 ο.
643 179 855 240 856-858,1-2
1036 174 1099 238 311

137 340 239 400 Victor
262 341 346 418 signa
370 340 446 418 tulit,
469 340 550 401 nullo
574 349 731 420 superatus
755 341 791 401 ab
814 342 908 402 hoste.

113 428 232 491 sGallia
254 429 401 508 bellatrix,
425 429 530 508 opibus
554 428 682 509 superba
705 433 837 510 virisque

137 517 226 579 Passa
251 518 306 578 sub
330 517 386 579 hoc
410 518 521 579 dudum
543 519 690 580 Romanas
712 521 848 599 principe
872 519 962 599 leges,

138 606 260 668 Pontica
283 627 342 686 quo
366 606 475 668 cecidit
496 610 609 669 victore
631 610 777 690 potentia3
801 616 940 687 quartum

138 695 292 758 Caesareis
316 697 410 758 titulis
435 696 516 757 dedit
538 697 636 758 Africa
660 704 739 758 terra
762 698 956 778 triumphum.

589 996 654 1062 855
940 969 1155 1089 sessor:

533 1131 583 1186 De
611 1131 703 1187 Nino

138 1247 235 1309 Ninus
259 1248 297 1314 ah
319 1249 449 1328 Assyriis
473 1268 538 1310 sum
561 1251 677 1328 primus
701 1249 822 1328 regibus
846 1269 936 1311 ausus

139 1336 205 1398 Non
228 1337 316 1398 modo
340 1339 481 1399 finitimos
504 1338 630 1418 populos
653 1356 799 1419 regesque
821 1347 958 1418 potentes

138 1426 268 1507 Imperio
291 1429 438 1506 pressisse
462 1447 536 1506 meo,
561 1427 613 1488 sed
636 1428 751 1489 viribus
774 1447 892 1489 omnem
956 1456 959 1462 ·

137 1515 234 1577 Paene
258 1517 356 1578 Asiam
382 1516 482 1577 domui
504 1525 661 1596 terraeque
684 1519 819 1596 marique
843 1516 1002 1578 timendus.

588 1707 651 1776 855
951 1706 1156 1801 mssa

469 1843 518 1898 De
543 1843 766 1898 Semiramide

137 1961 179 2021 Te
199 1960 278 2022 stola
302 1979 339 2021 ne
365 1960 487 2022 dubium
511 1963 611 2022 teneat
633 1961 790 2040 cultusque
812 1963 932 2022 venusti

138 2049 278 2129 Corporis
302 2049 471 2128 ambiguus:
495 2069 561 2110 sum
586 2051 664 2111 clara
689 2050 871 2129 Semiramis,
895 2049 952 2111 alto

138 2138 203 2199 Non
227 2141 326 2201 minor
349 2141 412 2218 ipsa
435 2141 508 2218 viro,
531 2139 603 2200 belli
624 2141 767 2219 pacisque
789 2137 922 2219 probatis

138 2227 260 2289 Artibus
283 2227 417 2307 insignis
441 2236 510 2289 nato
534 2228 714 2289 miserabilis
737 2247 806 2290 uno.

588 2420 652 2487 858
951 2419 1155 2513 ressa:

538 2556 587 2610 De
612 2556 699 2622 cyro

94 2700 98 2708 ·
138 2672 287 2744 Quantum
311 2674 370 2733 lata
392 2673 490 2734 valent
513 2681 601 2752 atque
624 2673 808 2734 inmutabilis
832 2673 904 2733 ordo

137 2764 302 2842 Amorum,
327 2761 413 2823 docui
436 2761 544 2842 Cyrus:
568 2781 657 2842 quem
680 2762 761 2824 nulla
785 2762 904 2823 domare

209 2950 383 3006 856-863.
416 2952 451 3005 Η
461 2978 495 2996 =
511 2951 589 3006 ‘con
622 2951 674 3006 Ms.
706 2951 768 3005 Viri
800 2951 975 3020 Amplissimi
1006 2950 1100 3006 Balth.

138 3022 344 3092 Huydecoperi‚
371 3023 402 3076 in
421 3039 476 3090 quo
503 3022 580 3092 sylva
607 3025 733 3076 veterum
761 3023 934 3092 aliorumque
954 3022 1101 3092 Epigram-

138 3097 247 3148 matum
278 3094 447 3148 habebatnr’
473 3095 629 3150 Burmann.
683 3095 784 3149 Omnia
814 3096 928 3150 recoctis
959 3097 1021 3149 oeos'
1047 3111 1100 3149 esse

138 3165 283 3222 deridendo
311 3171 364 3232 θεῆς
391 3183 460 3234 quae
488 3183 509 3220 c.
525 3170 576 3218 860
601 3167 726 3234 praebet,
753 3166 897 3220 Diodorus
923 3166 980 3219 III
994 3169 1099 3219 53-55

138 3238 213 3292 solus
229 3237 368 3305 prodidit:
387 3255 462 3306 quem
481 3245 545 3291 dote
563 3237 702 3292 saecolum
717 3237 779 3292 XV
793 3239 841 3290 oio
859 3238 1003 3305 quisquam
1021 3253 1100 3290 cooe-

138 3316 191 3374 rat,
220 3310 268 3377 qdr'
296 3309 381 3362 latine
408 3309 524 3378 scripsit.
570 3310 608 3361 Ire
635 3309 749 3377 reliquis
775 3309 917 3362 Iustinum
942 3311 1101 3376 plerumque

138 3382 268 3448 sequitur.
308 3379 350 3446 Cf.
369 3381 451 3434 etlom
470 3396 491 3434 c.
507 3385 594 3446 859‚3
622 3397 656 3434 ero
679 3381 736 3434 solo
756 3380 895 3434 Herodoto
922 3381 1100 3433 1211-‘213

137 3459 240 3506 cotom.
267 3501 273 3510 ,.
1026 3489 1028 3494 .

210 3557 280 3613 857.
315 3565 328 3610 1
349 3559 393 3628 no]
415 3559 444 3612 lte
464 3559 497 3612 H
