2582 3924
530 189 551 244 0
568 195 627 257 768,
643 203 709 244 a-aa

302 356 339 416 Et
362 364 456 417 totum
479 355 659 417 venerahilis
681 375 737 436 per
760 355 864 416 orbem

300 446 396 524 Atque
418 448 450 505 in
474 446 603 506 eulmine
627 448 787 506 constituta
810 445 899 524 celso,

304 534 413 594 Subter
437 542 543 595 cuneta
566 534 680 614 videns,
703 535 788 596 beata
812 534 943 594 clemens

302 622 381 684 Mitis
405 623 513 684 blanda
536 626 633 703 gravis
657 626 757 704 quieta
780 625 863 684 vivis.

301 712 350 773 Sic
374 731 407 773 es
432 712 550 774 Christo
572 732 682 792 parens
704 713 840 792 talisque,
863 714 974 792 priscis

300 800 401 872 Qualis
426 805 538 863 rustica
560 803 675 863 Veritas
699 802 821 882 capillis.

299 891 465 969 Augustum
490 901 578 971 eaput
601 900 689 971 atque
714 899 919 952 consecratum

301 979 445 1042 Constans
469 983 560 1060 erigis
584 990 613 1042 et
635 983 784 1060 promittis
808 998 912 1041 omnes

300 1066 417 1130 Castam
440 1072 540 1130 vivere
563 1078 592 1131 te
618 1070 673 1130 deo
695 1089 750 1149 per
772 1088 873 1130 annos.

298 1158 383 1218 Adsit
405 1167 512 1220 cuneta
535 1178 643 1238 regens
665 1166 750 1238 pater
772 1159 896 1238 volenti3

298 1246 437 1308 Dextram
461 1247 540 1309 filius
563 1247 613 1308 ille
637 1247 807 1308 Nazarenus

300 1335 485 1399 Succurrens
508 1337 564 1398 tibi
586 1336 683 1398 tradat
705 1337 889 1416 imploranti3

299 1424 425 1487 Sanetus
449 1428 572 1506 spiritus
596 1427 725 1487 influens
748 1424 886 1486 medullis

300 1513 411 1576 Sensus
435 1518 546 1594 inriget
569 1523 599 1577 et
622 1516 751 1575 fomenta
775 1515 873 1593 donet,

300 1602 427 1665 Gressus
453 1604 561 1684 dirigat
584 1613 614 1665 et
636 1607 714 1665 viam
737 1610 886 1684 procuret7

300 1690 462 1754 Confirmet
483 1693 575 1773 pedes
599 1702 629 1754 et
652 1693 741 1754 fidem
764 1698 916 1772 propaget,

298 1781 392 1843 Enses
415 1791 548 1862 proterat
572 1792 602 1843 et
626 1783 707 1843 dolos
730 1782 857 1842 latentes

298 1870 406 1932 Prodat
429 1873 604 1951 magnificus
627 1879 788 1951 protector,
812 1877 841 1932 et
863 1878 893 1930 te

297 1959 390 2022 Annis
412 1980 606 2040 praegravem
630 1970 660 2022 et
683 1979 792 2021 corona
815 1959 922 2020 laetam

299 2049 436 2111 Sanctam
460 2051 584 2112 eolloeet
606 2049 728 2128 angelus
752 2052 784 2110 in
807 2048 921 2110 urbem.

297 2138 353 2199 Hie
376 2147 405 2200 te
429 2149 572 2218 perpetua
595 2143 697 2219 quiete
721 2138 817 2199 donet

298 2227 382 2289 Tune
406 2247 516 2307 quaeso
540 2231 712 2290 meminisse
736 2236 765 2289 te
790 2227 917 2306 clientis,

299 2315 373 2378 Cum
397 2316 547 2378 Christum
571 2318 629 2379 fide
652 2318 764 2379 videris
788 2335 902 2378 serena.

589 2509 653 2574 769

481 2633 549 2687 Vide
566 2649 642 2687 nune
659 2649 681 2686 e.
696 2630 763 2684 487(1

536 2812 608 2877 770.
637 2812 698 2876 771

461 2935 529 2990 Vide
547 2951 622 2988 uuae
640 2950 661 2987 e.
679 2933 778 2987 738⁸·1’

208 3111 322 3165 Guiues
341 3115 370 3167 P
458 3118 594 3182 tparens
621 3115 672 3166 ale.
698 3113 863 3181 propinquo.
911 3110 1011 3180 prisois
1043 3112 1061 3164 i.
1076 3129 1098 3165 e.

131 3186 230 3254 priseo¹
252 3201 324 3238 more
342 3186 488 3238 tumeatis.
526 3187 570 3239 De
593 3185 833 3253 peraouiitoata'oue
855 3184 889 3248 ef.
909 3183 1011 3237 Ziehen
1029 3199 1097 3237 mus.

134 3256 335 3320 rhen.52‚279.
373 3257 505 3310 Praestent.
521 3257 631 3310 cathem.
644 3260 721 3322 zoa.
795 3255 969 3323 9Argutum
987 3256 1021 3320 P,
1040 3271 1097 3309 eor-

135 3327 196 3381 reati
270 3331 302 3380 10
320 3327 463 3394 promittit
482 3329 510 3381 P
580 3328 801 3397 mainadarum
819 3343 920 3379 munus
938 3327 1048 3380 animas
1062 3326 1099 3380 ad

135 3397 241 3452 coelam
254 3400 429 3467 portantium
447 3400 478 3453 in
502 3400 679 3469 sarcophaqis
702 3399 871 3466 emaculatum
893 3403 972 3451 notat
990 3397 1098 3451 Zielaeu.

136 3467 216 3538 Expl.
235 3467 298 3522 laus
318 3470 419 3541 domne
438 3470 565 3542 eonomie
584 3486 661 3523 suere
679 3469 799 3538 uirginis
818 3471 851 3523 P.
