2586 3922
204 203 270 268 364
492 199 520 255 C.
537 205 597 269 941,
607 213 694 254 rs-ee.
715 198 743 254 O.
759 205 819 265 942,
830 215 881 253 1-r

274 363 300 417 A
318 362 416 432 primis
435 360 530 416 lausto
549 359 691 415 sociarant
710 359 802 414 omine
821 360 900 414 cunis

275 442 397 498 Solliciti
415 442 501 513 longa
520 442 556 496 de
574 441 741 510 posteritate
759 441 899 509 parentes.

275 524 349 577 Hinc
366 539 437 592 puer
455 522 534 576 elusa
551 521 619 592 iuga
639 519 811 589 Calliopeius
830 519 887 573 illis

275 604 419 658 Nexuerat
437 602 551 656 domina
569 601 731 669 laetamque
749 599 859 655 ferebat
877 600 913 653 ed
933 599 1028 653 aulam

275 683 428 737 Laetantes
445 682 559 750 rapiens
576 681 701 746 iuvenes,
719 680 844 733 immane
862 682 1018 748 tropaeum.

275 763 427 834 Indignata
444 765 541 817 tamen
558 759 622 815 risit
640 761 707 825 dea3
726 777 779 814 nec
797 759 851 813 tibi
869 762 982 813 tantum

276 843 366 911 Saepe
383 843 469 897 licere
488 841 566 909 velis,
584 840 704 894 nimium
724 839 850 893 studiose
868 840 993 909 pudoris,

275 922 418 977 Maternus
436 921 565 987 nimium,
582 935 661 990 puer,
681 919 841 990 amplexato
859 920 974 990 rigores.

275 1002 407 1057 Protinus
426 1002 589 1056 instaurant
606 1016 727 1070 pompae
746 999 867 1070 genialis
885 1001 1021 1054 honorem

275 1081 490 1150 Dedeetuntque
507 1082 583 1135 viam
600 1079 760 1150 pelagoque
778 1079 924 1135 advertere
943 1083 1060 1134 certant.

274 1163 341 1218 Ales
361 1163 391 1216 at
409 1178 425 1216 e
443 1161 536 1217 medio
554 1161 683 1215 revolans
703 1160 858 1215 Concordia
876 1162 958 1216 coctu

275 1243 394 1314 Iungere
411 1259 486 1296 nune
505 1242 628 1308 dextras,
646 1259 722 1296 nune
740 1241 837 1295 oscula
855 1257 979 1311 pangere
997 1241 1117 1295 mandat

241 1345 242 1350 ¹
277 1323 428 1391 Primaque
445 1322 590 1392 perpetuis
608 1321 745 1389 mysteria
763 1320 875 1375 tradere
894 1320 976 1374 euris.

275 1403 342 1473 Ipsa
359 1402 539 1472 pharetratos
557 1405 641 1472 urget
660 1403 713 1456 dee
731 1401 862 1456 Pronuba
880 1401 991 1468 fratres,

276 1483 381 1538 Sancta
399 1483 491 1549 Fides,
509 1481 626 1537 flectant
645 1483 761 1536 choreas
781 1483 818 1536 ad
836 1481 949 1537 moenia
967 1481 1073 1536 Romae

276 1563 314 1617 ltt
331 1563 439 1632 patrios
459 1562 534 1617 laeto
553 1563 685 1632 repetant
702 1578 813 1616 rumore
831 1563 960 1629 Penates,

276 1643 358 1698 Vnde
377 1644 442 1697 ante
462 1658 511 1696 ora
530 1659 643 1696 suorum
662 1644 691 1697 et
710 1643 803 1696 avitae
822 1642 851 1695 in
870 1641 984 1696 sedibus
1003 1642 1086 1697 aulae

276 1724 427 1779 Testentur
445 1723 530 1776 fixum
549 1721 649 1776 foedus
667 1722 884 1790 thalamumque
902 1723 1045 1791 coronent,

151 2037 366 2132 aarum·
658 2053 723 2118 ee

207 2178 287 2244 Quod
306 2179 424 2232 cernunt
443 2176 525 2242 oculi,
546 2175 614 2230 deus
634 2179 689 2230 est:
708 2175 771 2229 fons
792 2193 894 2247 nempe
913 2178 1029 2232 deorum
1047 2181 1097 2233 est.

277 2257 411 2312 Maiestas
431 2256 504 2312 caeli
522 2256 642 2310 vertitur
660 2256 727 2310 orbe
746 2273 804 2310 suo.

206 2338 292 2393 Terra
310 2338 386 2408 gerit
403 2329 510 2408 'grermo
530 2353 591 2391 sese
610 2336 738 2405 caelique
757 2353 863 2405 auoque

278 2418 315 2472 Et
333 2417 417 2470 finem
435 2417 559 2488 ingentis
578 2419 717 2471 monstrat
735 2419 854 2486 uterque
872 2418 959 2488 globi.

205 2498 244 2552 At
262 2514 334 2566 quae
354 2514 383 2551 se
402 2496 505 2567 pelago
524 2497 615 2551 tradit
632 2499 733 2551 natura
750 2497 911 2564 videndam,

278 2577 444 2632 huminibus
463 2577 547 2631 dicit:
569 2578 637 2631 ‘nou
655 2593 707 2647 ego
726 2577 811 2631 finem
829 2577 929 2632 habeo.

207 2658 309 2713 Omnia
327 2675 372 2712 me
391 2658 505 2726 circum,
525 2673 617 2726 super,
636 2657 731 2711 omnia
749 2657 844 2711 tundit
863 2674 954 2726 aquae
973 2658 1030 2713 lex:

279 2841 312 2889 75
332 2838 475 2891 sociarunt
495 2837 592 2906 Meyer
665 2839 697 2888 77
717 2835 775 2889 iam
794 2834 958 2903 Cythereius
979 2837 1130 2891 Burmann

207 2913 239 2961 81
259 2907 331 2962 uelit
350 2910 374 2975 b,
393 2926 440 2963 em.
461 2909 618 2962 Burmann.
714 2911 748 2960 86
768 2907 870 2960 Alidem
892 2908 963 2977 fingi
991 2907 1173 2964 Concordiam

206 2999 224 3034 α
248 2987 343 3049 poeta,
371 2980 530 3034 notandam.
565 3009 598 3018 —
632 2979 698 3032 Post
722 2982 767 3031 92:
801 2975 945 3032 Hactenus
978 2979 1098 3033 schedae
1125 2995 1172 3033 ve·

206 3054 293 3119 teres,
312 3049 428 3118 quibus,
451 3051 557 3120 pagina
580 3065 638 3101 una
659 3048 813 3117 interioris,
837 3049 934 3102 insunt
956 3050 1014 3103 elia
1038 3051 1173 3105 deinces

206 3122 322 3176 minime
342 3122 378 3176 ud
403 3121 478 3175 hune
497 3120 658 3190 Apollinem
686 3119 829 3188 facientia,
856 3121 952 3190 potius
978 3122 1014 3174 ad
1043 3069 1173 3177 Marcelli

206 3194 288 3247 illum
387 3193 595 3247 medicamenta
622 3191 810 3245 membrorum
838 3192 986 3247 docentis?
1024 3194 1174 3248 Reuereei

206 3266 351 3320 celredum
382 3264 502 3319 Putrite'i
532 3265 650 3333 eclogam
682 3265 713 3316 ia
745 3265 802 3317 eod.
835 3263 968 3318 Vrbiuete
996 3269 1047 3317 368
1080 3272 1174 3320 extare

206 3341 242 3392 A.
264 3339 364 3392 Maius
385 3336 478 3406 praef.
498 3336 536 3388 ud
553 3335 660 3389 Perotti
685 3334 760 3401 sabb.
779 3341 909 3389 testetur:
936 3341 967 3389 ot
984 3336 1127 3407 catalogus
1145 3355 1170 3392 a.

209 3414 278 3463 1902
298 3410 389 3463 editoe
406 3413 476 3462 tacet
494 3408 527 3460 de
545 3424 585 3460 ea.

278 3512 348 3570 942.
380 3513 451 3567 lbid.
480 3513 510 3566 in
537 3512 577 3566 HI
605 3511 709 3567 eonem.
738 3511 841 3568 Honor.
863 3529 887 3568 v.
906 3519 939 3566 23
968 3531 995 3582 p.
1012 3519 1062 3567 541
1094 3514 1171 3586 ‘api-

206 3601 335 3656 gramma
357 3585 515 3638 vetus...'
608 3585 803 3653 tseinp.t
