2594 3920
510 184 538 238 O.
559 189 741 251 485‚1se—15s
1065 181 1106 246 17

447 348 565 414 Πάντα
587 347 670 432 πρὸς
693 347 801 411 πάντα

144 456 257 517 Cuncta
271 457 308 518 ad
323 466 438 536 cuncta,
452 465 498 518 ut:
519 454 610 518 ‘Gens
625 455 720 534 Graia,
735 456 812 536 dira,
827 456 986 535 Hispanica
1003 457 1108 536 servit3

144 545 218 606 Nam
242 549 351 626 partim
375 549 511 608 meritust
534 546 624 624 ultus,
647 547 757 625 partim
780 545 956 606 insidiantes

143 635 308 714 Praevenit,
331 639 440 714 partim
464 637 559 698 victor
582 637 692 695 virtute
716 631 854 712 subegit?

492 777 755 859 Συναθροισμός

26 960 27 964 ¹
146 885 198 945 Est
213 884 380 946 conductio
404 887 663 964 conquegregatio,
688 903 756 945 cum
780 883 938 950 adcumulo
961 901 1019 944 res.

92 989 131 1029 sco
146 970 250 1038 ‘Multa
273 974 430 1035 hortantur
452 993 513 1034 me:
537 993 596 1052 res,
620 982 708 1052 aetas,
732 982 859 1053 tempuS,
884 975 981 1050 amici,

145 1062 311 1123 Concilium
335 1071 433 1124 taume
456 1062 560 1142 plebis,
584 1065 760 1143 praenuntia
784 1058 905 1123 vatum?

508 1203 748 1277 Συνοικείωσις

146 1313 330 1392 Conciliatio,
355 1312 503 1372 diversum
528 1314 554 1371 si
578 1311 779 1372 conciliamus.

147 1397 304 1480 ‘Prodigus
329 1400 400 1479 [est]
426 1409 456 1462 et
477 1419 585 1480 pareus
609 1399 702 1462 idem:
727 1399 821 1477 [nam]
846 1402 943 1460 nescit
965 1409 1092 1478 uterque

145 1492 194 1552 Vti
217 1491 330 1571 opibus,
354 1497 480 1570 peccaut
502 1490 601 1570 ambo,
625 1509 673 1550 res
698 1489 807 1550 deterit
829 1488 940 1550 ambos.

544 1632 715 1713 Τρίκωλον

93 1759 132 1799 ns
147 1741 276 1819 Teriuga
300 1747 377 1817 sunt,
401 1757 476 1818 quae
500 1739 682 1818 respondent
705 1757 807 1799 secum
831 1737 935 1798 ordine
960 1739 1046 1797 trino.

147 1828 312 1909 ‘sineque
337 1828 448 1888 divitiis
471 1827 564 1907 polles
588 1846 685 1906 neque
710 1845 834 1906 corpore
857 1833 991 1905 praestas

147 1919 209 1980 Nec
233 1917 322 1978 eorde
347 1935 500 1996 exuperas,
525 1935 579 1977 cur
601 1924 631 1977 te
656 1915 751 1976 dicam
776 1934 842 1976 esse
866 1911 1019 1975 beatum?

495 2057 768 2140 Χαρακτηρισμός

45 2220 47 2229 .
147 2169 195 2229 Fit
219 2167 356 2247 depictio,
379 2185 447 2227 cum
470 2165 570 2226 verbis
594 2174 626 2225 ut
649 2167 779 2243 imagine
801 2166 900 2244 pingo.

149 2253 276 2335 ‘Pocula
301 2264 379 2316 serta
405 2263 511 2316 tenens
534 2254 610 2314 llexa
633 2256 749 2314 cervice
773 2253 895 2331 iacebat,

93 2363 135 2403 rso
149 2344 295 2424 Limodes,
319 2347 417 2423 gravis
440 2351 554 2423 optutu,
578 2342 695 2403 madido
720 2361 770 2402 ore
794 2339 956 2403 renidens?

527 2479 729 2566 Ἐπιτίμησις

149 2596 201 2656 Est
225 2596 379 2673 eorrectio,
404 2612 472 2654 cum
495 2595 526 2652 in
550 2593 678 2672 quodam
701 2611 748 2652 me
773 2593 889 2669 corrigo
914 2589 1003 2651 dictu.

53 2750 55 2777 Ι
149 2681 235 2746 ‘Nam
249 2684 334 2744 tarde
348 2682 466 2744 tandem
484 2717 523 2724 -
541 2682 624 2742 tarde
640 2679 727 2742 dico?
750 2682 840 2741 immo
854 2679 951 2758 hodie,
967 2675 1108 2758 inquam!

148 2775 200 2835 Vel
224 2776 280 2834 sic:
305 2769 376 2833 ‘non
400 2791 483 2832 amor
506 2780 559 2850 est,
583 2790 686 2832 verum
712 2769 800 2830 ardor
823 2768 869 2829 vel
892 2769 976 2829 luror
999 2765 1076 2828 iste.'

56 3040 58 3046 .
222 3003 362 3054 136-138
382 2999 497 3052 damnat
517 2998 555 3052 H.
571 2997 671 3065 Krcpp
694 3037 697 3041 .
726 3001 776 3049 137
796 2993 999 3049 meritostultos
1014 2995 1048 3058 P,
1063 3010 1111 3047 em.

64 3069 68 3077 '
148 3073 260 3140 Sauppe
343 3075 393 3122 138
412 3068 499 3138 poeni
527 3071 554 3123 P
588 3067 707 3121 invictos
735 3069 843 3122 Atreus
878 3064 1013 3131 uirtutem
1041 3065 1069 3119 P

147 3146 359 3210 Συναεροισμος
373 3143 401 3194 Ρ
454 3145 504 3193 141
524 3138 649 3193 Concilio
663 3141 691 3192 P
725 3138 862 3192 denuntia
879 3139 908 3191 P
942 3135 1111 3206 praenuntia

53 3215 55 3220 '
149 3215 237 3269 Halm
272 3215 371 3266 natum
386 3214 414 3265 P
484 3214 670 3271 Συνοικιωσις
688 3211 717 3264 Ρ
779 3215 829 3262 143
848 3208 988 3277 Prodigiis
1008 3209 1035 3261 P
1070 3209 1113 3258 est

148 3292 174 3340 et
191 3301 258 3338 nam
277 3283 341 3337 add.
364 3283 509 3354 Qateherat
578 3279 916 3336 macenniacum
953 3278 1068 3332 dederet
1086 3279 1114 3331 P

185 3355 303 3409 dedecet
325 3354 470 3424 Qnieloerot
508 3354 658 3420 Τρικωλων
677 3354 704 3407 Ρ
766 3357 816 3405 145
835 3351 910 3404 trine
929 3350 1047 3424 Sauppe,
1066 3349 1112 3402 sed

147 3428 184 3494 cf.
203 3431 258 3480 oi
331 3429 566 3493 Χαρακοηρισμος
583 3426 611 3479 Ρ
661 3429 712 3477 148
732 3423 873 3492 depinetio
893 3423 920 3475 P
955 3420 1031 3473 uerb.
1052 3421 1079 3473 P

56 3504 58 3521 '
151 3503 201 3551 149
221 3497 294 3550 ferte
324 3495 471 3567 Quiclterot
562 3501 612 3548 160
631 3494 791 3548 Limonides
811 3495 845 3560 P,
873 3510 921 3547 em.
946 3492 1041 3546 Haase

151 3572 343 3637 Επιτειμηισις
362 3570 390 3622 Ρ
462 3572 511 3620 153
532 3565 648 3620 uerbum
670 3569 698 3621 P

203 3665 297 3707 mehor.
311 3667 351 3708 na.
365 3667 384 3707 1.
399 3669 417 3708 a.
935 3657 951 3702 2
