2594 3920
527 229 555 284 Ο.
572 236 645 296 485⁸,
661 245 767 286 rte-rae
1094 230 1135 293 27

235 398 289 458 Vix
314 415 442 477 aequare
465 405 572 477 potest,
597 415 650 458 seu
675 397 737 458 sera
761 416 816 458 seu
840 400 880 458 sit
904 399 975 458 avis.

169 487 234 548 Non
257 495 356 548 tamen
382 494 427 547 est
450 486 588 548 tardant
610 485 755 565 volueres,
780 505 856 566 quae
880 505 1005 566 eorpore
1028 505 1135 565 magno

238 577 377 637 lncessus
400 578 501 657 pigros
525 594 580 655 per
603 593 691 654 grave
714 575 831 654 pondus
855 575 975 654 habent,

170 664 228 726 Sed
250 664 324 726 levis
348 684 382 726 ao
405 665 499 742 velox,
523 665 616 744 regali
639 665 727 744 plena
750 664 872 725 decore:

115 767 155 807 166
235 755 317 815 Talis
340 757 371 815 in
396 762 519 834 aspectu
542 773 574 815 se
599 761 681 814 tenet
703 772 799 834 usque
824 753 986 815 hominum.

169 843 233 905 lluo
256 847 337 904 venit
359 844 509 923 Aegyptus
532 845 608 904 tanti
632 843 668 903 ad
692 843 835 904 miracula
859 846 940 904 visus

235 932 272 994 Et
296 951 394 993 raram
417 932 568 993 volucrem
592 932 680 992 turba
704 932 811 993 salutat
834 951 932 993 ovans.

168 1021 308 1082 Protinus
333 1021 495 1100 exculpunt
518 1029 633 1082 sacrato
657 1024 689 1081 in
712 1040 859 1082 marmore
884 1024 1009 1082 formam

236 1109 273 1170 Et
296 1110 382 1172 titulo
406 1113 524 1188 signant
548 1129 671 1190 remque
697 1110 834 1190 diemque
858 1130 942 1170 novo.

115 1212 154 1253 1⁵⁶
169 1198 323 1261 Contrahit
346 1202 377 1260 in
402 1209 520 1260 coetum
544 1218 611 1260 sese
634 1218 729 1278 genus
752 1219 840 1260 omne
863 1200 1023 1275 siolantnm,

237 1288 298 1348 Nee
322 1286 450 1368 praedae
474 1307 589 1349 memor
612 1295 659 1349 est
681 1287 741 1349 ulla
764 1308 820 1349 nee
843 1289 904 1349 ulla
927 1297 1034 1350 metus.

168 1377 299 1438 Alituum
324 1380 431 1457 stipata
455 1378 546 1438 elioro
569 1377 721 1438 volatilla
744 1397 798 1457 per
822 1378 914 1439 altum

234 1466 393 1547 Turbaque
417 1469 609 1547 prosequitur
631 1485 756 1528 munere
779 1467 854 1528 laeta
877 1470 936 1546 pio.

168 1555 226 1616 Sed
250 1565 406 1636 postquam
430 1558 499 1635 puri
521 1558 658 1636 pervenit
681 1555 717 1616 ad
741 1557 870 1618 aetheris
894 1575 990 1634 auras,

116 1658 154 1698 1⁶⁰
235 1644 301 1706 Mox
325 1644 415 1706 redit:
439 1645 489 1705 illa
513 1647 576 1705 suis
600 1644 740 1706 conditur
763 1645 832 1705 inde
856 1645 938 1706 loeis.

168 1734 192 1794 0
216 1734 382 1796 fortunatae
406 1736 496 1795 sortis
520 1734 650 1814 felixque
673 1735 837 1813 volucrum,

236 1823 290 1885 Cui
315 1823 351 1884 de
375 1842 408 1884 se
431 1825 515 1884 nasei
538 1826 688 1903 praestitit
710 1826 775 1903 ipse
800 1822 886 1885 deus!

167 1911 289 1974 Femina
314 1931 367 1974 seu
393 1911 477 1990 [sexu
502 1912 569 1990 seu]
594 1912 744 1974 masculus
769 1920 814 1972 est
838 1931 891 1974 seu
915 1921 1069 1974 neutrum:

234 2001 326 2082 Felix,
350 2021 425 2082 quae
445 2002 569 2062 Veneris
592 2001 711 2062 foedera
730 2001 811 2062 nulla
835 2001 917 2062 eolitl

113 2103 153 2143 166
168 2090 248 2152 llors
271 2091 316 2152 illi
339 2091 438 2152 Venus
462 2099 516 2169 est,
541 2091 602 2152 sola
626 2098 671 2151 est
694 2093 725 2150 in
749 2098 845 2151 morte
868 2091 1017 2170 voluptas:

234 2181 270 2241 Vt
293 2182 389 2260 possit
411 2183 502 2258 nasei,
526 2181 639 2260 appetit
662 2187 730 2240 ante
753 2183 851 2256 mori.-

167 2271 234 2348 lpsa
256 2269 314 2330 sihi
338 2269 446 2349 proles
470 2289 542 2330 suus
566 2278 613 2331 est
635 2278 720 2348 pater
743 2277 773 2330 et
796 2288 868 2330 suus
891 2269 989 2348 heres,

234 2358 341 2420 Nutrix
364 2361 429 2439 ipsa
453 2361 508 2438 sui,
532 2377 651 2438 semper
674 2359 792 2419 alumna
816 2358 881 2418 sibi.

240 2625 290 2672 146
309 2623 390 2689 potes
410 2621 436 2675 L
473 2620 534 2674 auis
554 2619 592 2673 sit
615 2620 641 2672 V
712 2625 762 2675 147
782 2635 871 2689 parua
888 2620 940 2675 VL
976 2620 1096 2679 tardas

165 2689 294 2745 uoloores
318 2693 345 2746 V
403 2696 454 2745 148
473 2691 576 2746 deeora
593 2693 620 2746 L
694 2696 745 2745 150
765 2693 896 2760 aspectus
915 2692 942 2746 L
1008 2689 1132 2744 151Hio

172 2762 226 2816 VL
304 2767 355 2816 163
374 2761 516 2816 uoloerem
539 2762 580 2814 V¹
616 2761 736 2817 resultat
753 2765 780 2818 L
868 2768 919 2816 163
938 2761 1070 2831 sculpunt
1088 2778 1131 2816 sa·

166 2837 247 2904 grato
272 2834 313 2886 V¹
345 2840 410 2902 poet
427 2833 457 2886 in
481 2851 589 2890 erasnm
612 2834 670 2888 cori
689 2835 716 2888 L
798 2839 850 2887 166
869 2837 966 2888 coetus
984 2835 1011 2888 L
1049 2838 1131 2888 omnia

166 2905 201 2972 L,
219 2908 254 2972 et'.
272 2906 419 2960 claudian.
440 2906 533 2960 Land.
548 2906 653 2961 sititet.
673 2907 711 2959 11
726 2910 842 2974 4148qq.
918 2911 968 2958 166
987 2921 1039 2958 neo
1057 2905 1132 2958 ullus

166 2978 193 3031 L
257 2975 408 3031 16111161
427 2977 454 3029 L
559 2983 611 3030 158
629 2993 770 3030 murmure
789 2977 881 3032 Heius
998 2982 1050 3031 160
1068 2982 1132 3030 ante

166 3046 217 3101 illa
239 3049 404 3117 interpnnni
438 3047 514 3102 unde
539 3049 565 3102 V
652 3053 702 3100 161
723 3048 768 3101 Ad
792 3049 819 3102 V
835 3049 874 3102 At
892 3050 918 3103 L
956 3047 1133 3103 OGallaens

167 3122 207 3191 -tq
222 3120 248 3172 V
272 3118 384 3187 filisque
402 3118 549 3173 uolnerum
573 3120 628 3174 VL
656 3119 753 3188 filique
772 3119 909 3175 Heinsius
936 3118 1096 3187 felixques

168 3196 218 3244 163
238 3190 355 3244 Femina
374 3207 424 3244 seu
442 3190 584 3244 masculus
608 3193 651 3244 est
669 3206 720 3244 seu
746 3193 877 3244 neutrum
902 3189 981 3260 (felix
1004 3189 1069 3245 add.
1094 3190 1131 3259 V)

172 3261 226 3315 VL
263 3262 292 3316 F.
308 3277 356 3315 seu
375 3278 443 3315 sexu
471 3279 520 3316 seu
548 3263 663 3316 Brondt
689 3279 749 3316 mes
778 3262 922 3316 Heinsius.
964 3262 1065 3317 Verona
1092 3269 1131 3316 eet

166 3333 333 3400 spondiacus
355 3333 447 3402 qnotie
474 3334 625 3388 Prnolentie'
652 3335 743 3402 apetie.
764 3339 815 3386 266
835 3338 878 3403 (..
897 3333 988 3403 egerit
1007 3336 1057 3386 eut
1075 3349 1131 3401 quo

166 3405 268 3473 paeto).
306 3404 335 3457 F.
356 3420 414 3471 seu,
435 3403 512 3472 felix,
536 3420 585 3458 sen
604 3404 746 3459 masculus
774 3407 817 3458 est
844 3409 893 3458 seii
917 3423 943 3458 n.
968 3404 1132 3470 Winterfeld

168 3478 258 3529 Herm.
274 3481 316 3540 33,
329 3481 392 3529 1631
408 3475 484 3545 ‘Ipsa
499 3477 641 3546 (phoenix)
655 3479 699 3530 esi
713 3475 768 3530 sibi
782 3478 901 3544 uterque
915 3492 1005 3540 sexus,
1026 3517 1031 3527 .
1049 3518 1053 3528 .
1069 3475 1132 3544 ipsa

166 3547 265 3612 genus‘
286 3547 360 3602 Zeno
385 3548 546 3603 Veronensis
569 3549 597 3616 (†
608 3549 671 3616 380)
689 3548 710 3601 I
726 3552 795 3613 1a‚9
869 3552 920 3600 166
941 3547 1031 3600 ‘mors
1050 3550 1132 3599 nata-

167 3614 248 3670 licius
267 3617 340 3672 dies'
360 3619 397 3672 id.
473 3624 522 3672 163
543 3618 630 3688 prolis
649 3619 676 3673 L
753 3673 754 3676 ,
