2586 3922
452 226 480 281 ο.
496 233 557 295 ssa,
571 243 644 282 c-n.
674 226 702 281 o,
718 232 770 282 sse
1026 229 1089 293 331

127 392 299 472 Appropera
323 402 353 454 et
375 392 516 473 praedam
540 396 646 473 pennis
670 394 885 475 crepitantibus
909 396 1001 456 auler.

127 481 203 542 Nam
227 482 307 542 celer
329 485 468 562 oppressi
490 483 604 544 fallacia
627 483 745 544 vincula
769 484 836 544 colli

127 570 247 632 Excutit
271 580 301 631 et
324 590 414 632 rauca
438 571 601 633 subsannat
623 590 695 632 voce
718 575 854 652 magistri

127 659 292 722 Consilium
316 671 345 721 et
369 661 445 721 laeta
468 662 578 722 inuitur
600 664 660 721 iam
682 680 755 740 paee
779 662 902 723 solutus.

87 769 113 810 ao
126 749 181 809 Hic
205 768 298 829 prope
321 750 489 811 Peltvinum
512 750 664 811 radicibus
687 752 835 830 Apennini

126 837 274 917 Niditicat,
296 839 406 919 patulis
431 858 544 919 quase
569 840 613 900 sol
636 840 727 901 obicit
751 843 839 920 agris,

125 927 292 988 Persimilis
316 930 412 989 cineri
437 927 567 1007 dorsum,
590 929 798 1009 maculosaque
821 938 906 1008 terga

125 1016 267 1077 lnficiunt
288 1017 387 1093 pullae
411 1017 580 1079 cacabantis
603 1020 731 1096 imagine
756 1026 851 1079 notae.

126 1105 271 1185 Tarpeiae
296 1115 341 1167 est
364 1115 465 1168 eustos
489 1108 566 1168 arcis
589 1125 649 1168 non
674 1124 797 1186 corpore
820 1110 916 1168 maior

86 1213 110 1254 1⁵
125 1193 188 1255 Nec
211 1197 264 1274 qui
287 1203 316 1256 te
340 1196 477 1257 volucres
501 1195 610 1275 docuit,
632 1195 798 1275 Palamede,
821 1198 941 1276 figuras.

125 1284 220 1363 Saepe
245 1303 298 1363 ego
322 1292 478 1346 nutantem
502 1285 557 1345 sub
580 1287 683 1364 iniquo
706 1285 838 1364 pondere
861 1285 921 1346 vidi

123 1372 288 1434 blazonomi
310 1393 446 1453 puerum,
469 1381 567 1453 portat
591 1394 660 1435 cum
682 1374 815 1454 prandia,
839 1377 919 1435 circo

122 1461 206 1533 Quae
230 1463 334 1524 consul
357 1472 512 1542 praetorve
536 1483 630 1525 novus
653 1465 820 1524 construxit
843 1466 950 1524 ovanti.

124 1852 200 1914 Cum
223 1872 330 1915 nemus
353 1873 441 1915 omne
465 1874 519 1916 suo
542 1855 631 1915 viridi
656 1855 799 1935 spoliatur
822 1856 944 1935 honore,

124 1942 229 2004 Fultus
254 1946 322 2022 equi
345 1945 440 2005 niveis
464 1944 553 2004 silvas
576 1952 645 2023 pete
669 1947 806 2024 protinus
830 1944 903 2005 altas

123 2030 258 2093 Exuviis:
281 2033 391 2112 praeda
415 2041 462 2094 est
484 2033 580 2094 labilis
604 2041 635 2094 et
657 2052 779 2094 amoena
803 2033 949 2113 scolopax.

123 2120 254 2201 Corpore
277 2140 336 2182 non
360 2122 480 2201 Paphiis
503 2122 606 2183 avibus
628 2125 741 2183 maiore
764 2122 889 2183 videbis.

93 2210 174 2270 sllla
198 2209 253 2271 sub
278 2211 435 2290 aggeribus
459 2213 574 2291 primis,
598 2231 655 2291 qua
679 2211 790 2291 proluit
813 2213 928 2290 bumor,

122 2299 267 2378 Pascitur,
291 2303 413 2379 exiguos
437 2308 555 2361 sectans
579 2301 701 2361 obsonia
724 2320 849 2362 vermes.

122 2389 158 2448 At
181 2408 242 2449 non
264 2389 315 2449 illa
338 2389 441 2468 oeulis,
465 2389 573 2469 quibus
597 2399 643 2450 est
665 2390 807 2470 obtusior,
831 2393 888 2451 etsi

122 2477 189 2538 Sint
211 2480 337 2539 nimium
360 2477 498 2558 grandes,
522 2479 574 2539 sed
598 2481 692 2540 acutis
715 2479 838 2541 naribus
861 2482 965 2541 instat:

121 2566 272 2646 Impresso
295 2569 327 2627 in
350 2575 462 2629 terram
485 2571 575 2629 rostri
598 2587 741 2630 mucrone
766 2587 910 2649 sequaces

83 2677 108 2716 ro
121 2656 305 2717 Vermiculos
329 2658 420 2717 trabit
443 2665 474 2718 et
495 2657 546 2717 vili
570 2656 620 2718 dat
642 2661 774 2737 praemia
797 2658 891 2737 gulae.

196 2852 227 2899 12
247 2845 351 2900 collum
381 2848 484 2903 coeo
593 2853 625 2900 13
644 2847 740 2918 nobee]
769 2848 868 2916 guttae
902 2849 1003 2904 Vlitios

123 2923 155 2972 17
175 2917 333 2972 Mazonoim
361 2919 522 2990 Lonpotios,
551 2936 599 2973 cm.
620 2918 724 2974 Gesner
760 2919 831 2972 eirro
859 2920 907 2985 te,
934 2937 983 2973 em.
1010 2920 1085 2974 Bor-

119 3007 216 3044 mono.

194 3095 263 3153 884.
296 3098 450 3167 Loopolius
464 3115 493 3166 p.
509 3097 540 3150 F
552 3102 593 3151 2¹:
614 3096 811 3151 ‘Nemesianus
831 3096 1006 3166 scolopacem
1020 3115 1084 3151 cum

121 3167 283 3222 Herodiano
311 3167 489 3240 [oscolopom]
515 3167 643 3238 appellat
662 3211 668 3221 .
685 3209 690 3220 .
707 3211 712 3222 .
729 3210 735 3222 .
754 3168 918 3223 Nemesieni
936 3185 1040 3233 versus,
1060 3171 1084 3223 si

119 3240 185 3308 quis
213 3239 330 3309 expetit,
358 3242 435 3294 sunt:
464 3239 534 3293 Cum
560 3241 670 3294 nemus'
690 3257 744 3309 sqq.
823 3239 949 3294 3fecilis
977 3243 1084 3310 praede

119 3314 164 3366 ost
177 3319 248 3382 puto
321 3316 337 3364 1
355 3310 462 3379 proluit
475 3313 591 3382 Lonpol.
619 3311 733 3381 profluit
750 3311 882 3367 lbmcoll.
898 3315 974 3383 Verp.
987 3313 1082 3384 Georp.

119 3383 169 3436 IV
185 3389 228 3437 25.
303 3387 336 3436 10
356 3384 441 3449 etque
468 3382 553 3451 gulae
580 3384 631 3436 dat
658 3401 699 3452 pr.
724 3382 774 3436 vili
798 3383 964 3451 Wernsdorf
986 3386 1015 3438 et
1033 3385 1084 3439 dat·

118 3453 188 3508 vilia
206 3454 309 3510 conieci
327 3469 410 3508 curae
429 3454 524 3523 (ritae)
542 3454 564 3506 I
565 3455 609 3507 bm
