2586 3922
213 260 278 325 368
422 291 426 298 ·
601 259 786 314 APPENDIX

212 429 338 506 Magnas
363 429 485 488 caelesti
508 429 628 488 domiuo
651 429 781 504 rependo
805 430 891 488 corde
914 432 1037 507 gratius,

212 517 298 587 Quod
321 521 351 576 te
375 518 509 577 Tulleusi
530 520 664 593 proxime
687 538 830 596 magnum
853 521 884 577 in
908 519 980 578 urbe
1002 518 1142 577 vidimus.

214 695 318 756 Clarus
341 698 453 756 etenim
475 715 590 774 genere,
614 697 711 756 clarus
735 699 766 754 ct
787 698 868 756 vitus
891 697 1031 770 moribus,

210 786 322 861 iustus,
344 786 478 862 pudicus,
501 785 626 860 sobrius,
650 788 731 845 totus
754 786 891 845 inlustris
914 785 1053 845 redderis.

212 875 357 934 Peterin
380 875 495 934 cunctis
518 875 627 934 nobilis
650 875 709 933 fuit
732 873 789 934 tibi
810 874 947 952 Arigius:

215 963 306 1023 Guius
328 967 363 1022 tu
385 965 497 1023 fumum
520 963 651 1022 nobilem
675 966 728 1021 aut
750 983 876 1023 renovas
900 966 952 1022 aut
976 983 1107 1039 superus.

212 1140 490 1220 congratulandum
512 1141 569 1200 tibi
593 1144 646 1215 est,
670 1161 687 1200 ο
711 1142 903 1200 Trevirorum
926 1143 1041 1219 civitas,

211 1229 294 1299 Quae
316 1230 373 1289 tuli
396 1232 460 1290 viro
484 1230 596 1308 regeris
619 1229 751 1306 antiquis
775 1231 1003 1307 conparabilem.

210 1320 256 1379 De
280 1339 388 1397 magno
412 1320 497 1397 origo
521 1319 631 1378 semine
655 1318 808 1378 descendit
829 1321 876 1379 tui
898 1320 1039 1379 nominis:

212 1408 298 1468 Certe
322 1411 443 1468 virtutis
467 1409 529 1468 eius
553 1411 607 1484 est,
632 1412 665 1467 ut
687 1408 863 1487 Arbogastis
886 1410 997 1488 legitur

211 1587 284 1646 Fuit
306 1589 339 1646 in
362 1590 452 1646 armis
476 1587 574 1647 ulacer
596 1587 648 1646 ille
672 1588 826 1663 antiquus:
849 1607 951 1647 verum
975 1597 1032 1646 est:

212 1675 271 1735 Sed
294 1676 421 1736 infidelis
444 1678 572 1734 moritur
594 1678 625 1735 et
646 1681 741 1735 morte
765 1680 872 1737 cuncta
894 1677 1033 1753 perdidit.

214 1765 272 1824 Hic
295 1769 395 1824 autem
418 1769 519 1826 noster
542 1768 688 1841 strenuus,
710 1766 913 1842 belligerosus,
936 1767 1066 1840 inclitus,

210 1855 252 1913 Et
275 1854 354 1930 quod
377 1855 424 1914 his
448 1854 561 1914 cunctis
584 1855 680 1916 muius
704 1858 757 1929 est,
781 1856 878 1915 cultor
900 1855 997 1914 divini
1017 1855 1155 1915 nominis.

210 2032 310 2091 Vnum
332 2033 443 2109 repelle
466 2033 583 2108 vitium,
606 2052 642 2092 ne
667 2034 756 2092 cordu
778 2053 855 2109 pura
877 2033 1023 2110 inquinet,

209 2120 295 2190 Quod
319 2140 381 2181 esse
405 2123 496 2182 sacris
520 2123 660 2182 scribitur
681 2122 767 2181 radix
789 2122 937 2182 malorum
961 2123 1108 2181 omnium:

212 2209 414 2287 Cupiditatem
437 2212 557 2286 scilicet,
582 2231 638 2287 que
661 2213 692 2269 iu
717 2212 853 2271 alumnos
876 2212 1009 2271 desuevit
1031 2230 1089 2286 sqq.

606 2631 773 2698 RVRIOII

369 2763 478 2823 Sancto
502 2763 640 2822 Ruricius
664 2765 755 2824 cliens
778 2768 915 2841 petrono,

370 2852 489 2927 Sedete,
511 2853 633 2912 monitis
656 2873 764 2928 parcns
786 2854 920 2929 paternis

370 2941 476 3001 Grates
499 2942 630 3002 concinit
653 2945 683 3001 et
705 2943 797 3001 refert
820 2944 954 3002 sulutem.

369 3030 462 3100 Quem
486 3031 603 3090 blandis
625 3031 764 3106 precibus
787 3034 875 3111 rogat
897 3030 1028 3092 timendo

367 3120 413 3178 Ne
435 3121 496 3179 fors
520 3120 677 3195 displiceat
699 3121 773 3179 levis
797 3139 919 3180 camena
1198 3143 1209 3183 s

368 3209 458 3268 Tanti
480 3210 592 3269 iudicio
614 3210 712 3268 minor
734 3211 880 3288 magistri.

206 3397 319 3452 floruit
331 3397 483 3465 Adspicias
497 3413 518 3451 c.
533 3415 559 3450 a.
570 3403 622 3451 470
637 3415 667 3466 p.
684 3397 746 3452 Obr.
762 3399 867 3464 Mouet,
881 3414 915 3452 uc
928 3398 1065 3453 avaritiae
1079 3397 1170 3452 Arbo-

203 3476 294 3539 9astcs
311 3485 338 3523 sc
356 3469 445 3522 dedat.
483 3469 566 3521 Nihil
582 3470 695 3524 mutavi.

278 3572 347 3698 950.
380 3575 529 3702 Egmriuct
550 3577 695 3644 antiquiss.
715 3575 780 3630 VIII
794 3582 854 3631 323.
891 3577 1006 3632 Fleuit
1028 3575 1171 3632 Lemovici

204 3662 228 3699 c.
243 3664 269 3700 a.
357 3663 385 3714 p.
459 3688 464 3698 .
625 3661 627 3664 ·
