<?xml version="1.0" encoding="UTF-8"?>
<!DOCTYPE html PUBLIC "-//W3C//DTD XHTML 1.0 Transitional//EN"
    "http://www.w3.org/TR/xhtml1/DTD/xhtml1-transitional.dtd">
<html xmlns="http://www.w3.org/1999/xhtml" xml:lang="en" lang="en">
 <head>
  <title>
</title>
<meta http-equiv="Content-Type" content="text/html;charset=utf-8" />
  <meta name='ocr-system' content='tesseract 3.04.00' />
  <meta name='ocr-capabilities' content='ocr_page ocr_carea ocr_par ocr_line ocrx_word'/>
</head>
<body>
  <div class='ocr_page' id='page_1' title='image "./carminaincodici00riesgoog_0264.png"; bbox 0 0 2582 3924; ppageno 0'>
   <div class='ocr_carea' id='block_1_1' title="bbox 564 157 749 222">
    <p class='ocr_par' dir='ltr' id='par_1_1' title="bbox 564 157 749 222">
     <span class='ocr_line' id='line_1_1' title="bbox 564 157 749 222; baseline -0.005 -10"><span class='ocrx_word' id='word_1_1' title='bbox 564 157 593 212; x_wconf 84' lang='grc'><strong>0.</strong></span> <span class='ocrx_word' id='word_1_2' title='bbox 609 163 668 222; x_wconf 76' lang='lat'><strong>772,</strong></span> <span class='ocrx_word' id='word_1_3' title='bbox 684 173 749 211; x_wconf 83' lang='lat' dir='ltr'><strong>1-rs</strong></span> 
     </span>
    </p>
   </div>
   <div class='ocr_carea' id='block_1_2' title="bbox 627 321 691 384">
    <p class='ocr_par' dir='ltr' id='par_1_2' title="bbox 627 321 691 384">
     <span class='ocr_line' id='line_1_2' title="bbox 627 321 691 384; baseline 0 0"><span class='ocrx_word' id='word_1_4' title='bbox 627 321 691 384; x_wconf 73' lang='lat'><strong>772</strong></span> 
     </span>
    </p>
   </div>
   <div class='ocr_carea' id='block_1_3' title="bbox 368 445 877 2223">
    <p class='ocr_par' dir='ltr' id='par_1_3' title="bbox 433 445 869 1760">
     <span class='ocr_line' id='line_1_3' title="bbox 435 445 825 511; baseline 0.005 -3"><span class='ocrx_word' id='word_1_5' title='bbox 435 447 509 509; x_wconf 84' lang='lat' dir='ltr'><strong>Cum</strong></span> <span class='ocrx_word' id='word_1_6' title='bbox 532 467 585 509; x_wconf 86' lang='lat' dir='ltr'><strong>sua</strong></span> <span class='ocrx_word' id='word_1_7' title='bbox 608 445 719 510; x_wconf 88' lang='lat' dir='ltr'><strong>c&#39;ornua</strong></span> <span class='ocrx_word' id='word_1_8' title='bbox 743 450 825 511; x_wconf 89' lang='lat' dir='ltr'><strong>Luna</strong></span> 
     </span>
     <span class='ocr_line' id='line_1_4' title="bbox 436 537 814 618; baseline 0.005 -21"><span class='ocrx_word' id='word_1_9' title='bbox 436 537 542 598; x_wconf 82' lang='lat' dir='ltr'>Condit</span> <span class='ocrx_word' id='word_1_10' title='bbox 564 540 596 598; x_wconf 93' lang='lat' dir='ltr'><strong>in</strong></span> <span class='ocrx_word' id='word_1_11' title='bbox 619 558 687 599; x_wconf 89' lang='lat' dir='ltr'><strong>aere</strong></span> <span class='ocrx_word' id='word_1_12' title='bbox 709 541 814 618; x_wconf 90' lang='lat' dir='ltr'><strong>prima,</strong></span> 
     </span>
     <span class='ocr_line' id='line_1_5' title="bbox 434 626 869 707; baseline 0.002 -20"><span class='ocrx_word' id='word_1_13' title='bbox 434 626 537 705; x_wconf 81' lang='lat' dir='ltr'>Signat</span> <span class='ocrx_word' id='word_1_14' title='bbox 560 627 685 707; x_wconf 77' lang='lat' dir='ltr'>abunde,</span> <span class='ocrx_word' id='word_1_15' title='bbox 710 637 869 707; x_wconf 85' lang='lat' dir='ltr'><strong>sequentes</strong></span> 
     </span>
     <span class='ocr_line' id='line_1_6' title="bbox 433 715 835 778; baseline 0.007 -3"><span class='ocrx_word' id='word_1_16' title='bbox 433 715 531 776; x_wconf 90' lang='lat' dir='ltr'><strong>lmbre</strong></span> <span class='ocrx_word' id='word_1_17' title='bbox 553 717 725 778; x_wconf 82' lang='lat' dir='ltr'><strong>madescere</strong></span> <span class='ocrx_word' id='word_1_18' title='bbox 749 717 835 778; x_wconf 92' lang='lat' dir='ltr'><strong>soles.</strong></span> 
     </span>
     <span class='ocr_line' id='line_1_7' title="bbox 435 805 808 867; baseline 0.008 -3"><span class='ocrx_word' id='word_1_19' title='bbox 435 805 467 865; x_wconf 91' lang='lat' dir='ltr'><strong>Si</strong></span> <span class='ocrx_word' id='word_1_20' title='bbox 491 805 572 865; x_wconf 92' lang='lat' dir='ltr'><strong>dabit</strong></span> <span class='ocrx_word' id='word_1_21' title='bbox 594 825 645 867; x_wconf 88' lang='lat' dir='ltr'><strong>ore</strong></span> <span class='ocrx_word' id='word_1_22' title='bbox 669 806 808 867; x_wconf 80' lang='lat' dir='ltr'><strong>ruborem</strong></span> 
     </span>
     <span class='ocr_line' id='line_1_8' title="bbox 433 894 833 974; baseline 0.008 -21"><span class='ocrx_word' id='word_1_23' title='bbox 433 894 571 972; x_wconf 83' lang='lat' dir='ltr'><strong>Virginea</strong></span> <span class='ocrx_word' id='word_1_24' title='bbox 596 915 685 956; x_wconf 88' lang='lat' dir='ltr'><strong>aurea</strong></span> <span class='ocrx_word' id='word_1_25' title='bbox 707 895 833 974; x_wconf 85' lang='lat' dir='ltr'><strong>Phoebe,</strong></span> 
     </span>
     <span class='ocr_line' id='line_1_9' title="bbox 433 983 866 1045; baseline 0.005 -2"><span class='ocrx_word' id='word_1_26' title='bbox 433 983 577 1044; x_wconf 81' lang='lat' dir='ltr'><strong>Monstrat</strong></span> <span class='ocrx_word' id='word_1_27' title='bbox 599 987 631 1044; x_wconf 93' lang='lat' dir='ltr'><strong>in</strong></span> <span class='ocrx_word' id='word_1_28' title='bbox 654 984 726 1045; x_wconf 92' lang='lat' dir='ltr'><strong>orbe</strong></span> <span class='ocrx_word' id='word_1_29' title='bbox 749 986 866 1045; x_wconf 83' lang='lat' dir='ltr'><strong>futuros</strong></span> 
     </span>
     <span class='ocr_line' id='line_1_10' title="bbox 433 1073 850 1135; baseline 0.002 -3"><span class='ocrx_word' id='word_1_30' title='bbox 433 1073 565 1134; x_wconf 85' lang='lat' dir='ltr'><strong>Flamina</strong></span> <span class='ocrx_word' id='word_1_31' title='bbox 589 1074 714 1135; x_wconf 83' lang='lat' dir='ltr'><strong>fundere</strong></span> <span class='ocrx_word' id='word_1_32' title='bbox 738 1080 850 1135; x_wconf 88' lang='lat' dir='ltr'><strong>ventos.</strong></span> 
     </span>
     <span class='ocr_line' id='line_1_11' title="bbox 433 1162 827 1242; baseline 0 -19"><span class='ocrx_word' id='word_1_33' title='bbox 433 1162 570 1242; x_wconf 84' lang='lat' dir='ltr'><strong>Puraque</strong></span> <span class='ocrx_word' id='word_1_34' title='bbox 594 1165 620 1223; x_wconf 91' lang='lat' dir='ltr'><strong>si</strong></span> <span class='ocrx_word' id='word_1_35' title='bbox 643 1166 735 1224; x_wconf 93' lang='lat' dir='ltr'><strong>sitin</strong></span> <span class='ocrx_word' id='word_1_36' title='bbox 759 1171 827 1223; x_wconf 92' lang='lat' dir='ltr'><strong>ortu</strong></span> 
     </span>
     <span class='ocr_line' id='line_1_12' title="bbox 433 1250 841 1332; baseline 0.005 -22"><span class='ocrx_word' id='word_1_37' title='bbox 433 1250 558 1331; x_wconf 81' lang='lat' dir='ltr'><strong>Cynthia</strong></span> <span class='ocrx_word' id='word_1_38' title='bbox 580 1270 704 1332; x_wconf 87' lang='lat' dir='ltr'><strong>vespere</strong></span> <span class='ocrx_word' id='word_1_39' title='bbox 728 1259 841 1331; x_wconf 89' lang='lat' dir='ltr'><strong>quarto,</strong></span> 
     </span>
     <span class='ocr_line' id='line_1_13' title="bbox 433 1340 824 1402; baseline 0.005 -2"><span class='ocrx_word' id='word_1_40' title='bbox 433 1340 536 1401; x_wconf 87' lang='lat' dir='ltr'><strong>&#39;Potius</strong></span> <span class='ocrx_word' id='word_1_41' title='bbox 558 1342 632 1401; x_wconf 91' lang='lat' dir='ltr'><strong>haec</strong></span> <span class='ocrx_word' id='word_1_42' title='bbox 656 1344 713 1402; x_wconf 92' lang='lat' dir='ltr'><strong>erit</strong></span> <span class='ocrx_word' id='word_1_43' title='bbox 735 1342 824 1402; x_wconf 82' lang='lat' dir='ltr'><strong>index</strong></span> 
     </span>
     <span class='ocr_line' id='line_1_14' title="bbox 433 1429 814 1492; baseline 0.003 -3"><span class='ocrx_word' id='word_1_44' title='bbox 433 1429 543 1490; x_wconf 87' lang='lat' dir='ltr'><strong>Mensis</strong></span> <span class='ocrx_word' id='word_1_45' title='bbox 567 1449 703 1491; x_wconf 84' lang='lat' dir='ltr'><strong>arescere</strong></span> <span class='ocrx_word' id='word_1_46' title='bbox 728 1431 814 1492; x_wconf 89' lang='lat' dir='ltr'><strong>soles.</strong></span> 
     </span>
     <span class='ocr_line' id='line_1_15' title="bbox 433 1519 826 1581; baseline 0.005 -3"><span class='ocrx_word' id='word_1_47' title='bbox 433 1519 495 1579; x_wconf 92' lang='lat' dir='ltr'><strong>lam</strong></span> <span class='ocrx_word' id='word_1_48' title='bbox 518 1519 642 1580; x_wconf 91' lang='lat' dir='ltr'><strong>maculis</strong></span> <span class='ocrx_word' id='word_1_49' title='bbox 664 1519 717 1581; x_wconf 93' lang='lat' dir='ltr'><strong>ubi</strong></span> <span class='ocrx_word' id='word_1_50' title='bbox 739 1539 826 1581; x_wconf 86' lang='lat' dir='ltr'><strong>mane</strong></span> 
     </span>
     <span class='ocr_line' id='line_1_16' title="bbox 434 1608 793 1689; baseline 0.006 -22"><span class='ocrx_word' id='word_1_51' title='bbox 434 1608 483 1668; x_wconf 87' lang='lat' dir='ltr'><strong>Sol</strong></span> <span class='ocrx_word' id='word_1_52' title='bbox 505 1611 663 1670; x_wconf 84' lang='lat' dir='ltr'><strong>variaverit</strong></span> <span class='ocrx_word' id='word_1_53' title='bbox 686 1617 793 1689; x_wconf 89' lang='lat' dir='ltr'><strong>ortum,</strong></span> 
     </span>
     <span class='ocr_line' id='line_1_17' title="bbox 433 1697 834 1760; baseline 0.002 -2"><span class='ocrx_word' id='word_1_54' title='bbox 433 1697 481 1758; x_wconf 88' lang='lat' dir='ltr'><strong>Fit</strong></span> <span class='ocrx_word' id='word_1_55' title='bbox 503 1705 591 1759; x_wconf 89' lang='lat' dir='ltr'><strong>notus</strong></span> <span class='ocrx_word' id='word_1_56' title='bbox 615 1698 710 1759; x_wconf 88' lang='lat' dir='ltr'><strong>imbre</strong></span> <span class='ocrx_word' id='word_1_57' title='bbox 734 1702 834 1760; x_wconf 90' lang='lat' dir='ltr'><strong>ruenti</strong></span> 
     </span>
    </p>

    <p class='ocr_par' dir='ltr' id='par_1_4' title="bbox 368 1786 877 2223">
     <span class='ocr_line' id='line_1_18' title="bbox 368 1786 810 1866; baseline 0.005 -20"><span class='ocrx_word' id='word_1_58' title='bbox 368 1807 374 1817; x_wconf 92' lang='lat'><strong>·</strong></span> <span class='ocrx_word' id='word_1_59' title='bbox 432 1786 656 1866; x_wconf 76' lang='lat' dir='ltr'><strong>Arboribusque</strong></span> <span class='ocrx_word' id='word_1_60' title='bbox 681 1790 810 1848; x_wconf 90' lang='lat' dir='ltr'><strong>sinister.</strong></span> 
     </span>
     <span class='ocr_line' id='line_1_19' title="bbox 434 1876 877 1956; baseline 0.005 -20"><span class='ocrx_word' id='word_1_61' title='bbox 434 1877 487 1936; x_wconf 85' lang='lat' dir='ltr'><strong>Ast</strong></span> <span class='ocrx_word' id='word_1_62' title='bbox 509 1876 562 1937; x_wconf 93' lang='lat' dir='ltr'><strong>ubi</strong></span> <span class='ocrx_word' id='word_1_63' title='bbox 583 1876 711 1956; x_wconf 89' lang='lat' dir='ltr'><strong>pallidus</strong></span> <span class='ocrx_word' id='word_1_64' title='bbox 734 1879 799 1956; x_wconf 88' lang='lat' dir='ltr'><strong>ipse</strong></span> <span class='ocrx_word' id='word_1_65' title='bbox 823 1886 877 1956; x_wconf 90' lang='lat' dir='ltr'><strong>est,</strong></span> 
     </span>
     <span class='ocr_line' id='line_1_20' title="bbox 436 1965 855 2045; baseline 0.002 -20"><span class='ocrx_word' id='word_1_66' title='bbox 436 1965 571 2026; x_wconf 89' lang='lat' dir='ltr'><strong>Crastina</strong></span> <span class='ocrx_word' id='word_1_67' title='bbox 593 1967 640 2026; x_wconf 92' lang='lat' dir='ltr'><strong>vel</strong></span> <span class='ocrx_word' id='word_1_68' title='bbox 664 1966 752 2027; x_wconf 92' lang='lat' dir='ltr'><strong>rubet</strong></span> <span class='ocrx_word' id='word_1_69' title='bbox 773 1965 855 2045; x_wconf 92' lang='lat' dir='ltr'><strong>bora,</strong></span> 
     </span>
     <span class='ocr_line' id='line_1_21' title="bbox 433 2055 852 2117; baseline 0.005 -3"><span class='ocrx_word' id='word_1_70' title='bbox 433 2055 510 2115; x_wconf 93' lang='lat' dir='ltr'><strong>Hinc</strong></span> <span class='ocrx_word' id='word_1_71' title='bbox 533 2055 600 2116; x_wconf 88' lang='lat' dir='ltr'><strong>fluit</strong></span> <span class='ocrx_word' id='word_1_72' title='bbox 622 2055 742 2116; x_wconf 91' lang='lat' dir='ltr'><strong>horrida</strong></span> <span class='ocrx_word' id='word_1_73' title='bbox 765 2058 852 2117; x_wconf 88' lang='lat' dir='ltr'><strong>tectis</strong></span> 
     </span>
     <span class='ocr_line' id='line_1_22' title="bbox 434 2144 819 2223; baseline 0 -19"><span class='ocrx_word' id='word_1_74' title='bbox 434 2144 471 2204; x_wconf 90' lang='lat' dir='ltr'><strong>Et</strong></span> <span class='ocrx_word' id='word_1_75' title='bbox 494 2144 564 2205; x_wconf 85' lang='lat' dir='ltr'><strong>ierit</strong></span> <span class='ocrx_word' id='word_1_76' title='bbox 587 2148 685 2205; x_wconf 92' lang='lat' dir='ltr'><strong>omnia</strong></span> <span class='ocrx_word' id='word_1_77' title='bbox 709 2144 819 2223; x_wconf 81' lang='lat' dir='ltr'><strong>grando</strong></span> 
     </span>
    </p>
   </div>
   <div class='ocr_carea' id='block_1_4' title="bbox 433 2322 892 3025">
    <p class='ocr_par' dir='ltr' id='par_1_5' title="bbox 433 2322 892 3025">
     <span class='ocr_line' id='line_1_23' title="bbox 433 2322 837 2402; baseline 0.002 -20"><span class='ocrx_word' id='word_1_78' title='bbox 433 2322 541 2400; x_wconf 80' lang='lat' dir='ltr'><strong>lgneus</strong></span> <span class='ocrx_word' id='word_1_79' title='bbox 563 2324 613 2384; x_wconf 90' lang='lat' dir='ltr'><strong>hic</strong></span> <span class='ocrx_word' id='word_1_80' title='bbox 636 2333 718 2384; x_wconf 90' lang='lat' dir='ltr'><strong>notat</strong></span> <span class='ocrx_word' id='word_1_81' title='bbox 740 2342 837 2402; x_wconf 78' lang='lat' dir='ltr'><strong>euroS,</strong></span> 
     </span>
     <span class='ocr_line' id='line_1_24' title="bbox 434 2409 847 2491; baseline 0.005 -21"><span class='ocrx_word' id='word_1_82' title='bbox 434 2409 594 2473; x_wconf 86' lang='lat' dir='ltr'><strong>Caeruleus</strong></span> <span class='ocrx_word' id='word_1_83' title='bbox 619 2413 704 2473; x_wconf 88' lang='lat' dir='ltr'><strong>docet</strong></span> <span class='ocrx_word' id='word_1_84' title='bbox 727 2412 847 2491; x_wconf 87' lang='lat' dir='ltr'><strong>imbres,</strong></span> 
     </span>
     <span class='ocr_line' id='line_1_25' title="bbox 433 2500 809 2562; baseline 0.005 -2"><span class='ocrx_word' id='word_1_85' title='bbox 433 2500 471 2560; x_wconf 89' lang='lat' dir='ltr'><strong>Et</strong></span> <span class='ocrx_word' id='word_1_86' title='bbox 493 2502 618 2562; x_wconf 90' lang='lat' dir='ltr'><strong>rutilans</strong></span> <span class='ocrx_word' id='word_1_87' title='bbox 641 2503 809 2562; x_wconf 90' lang='lat' dir='ltr'><strong>maculosus</strong></span> 
     </span>
     <span class='ocr_line' id='line_1_26' title="bbox 433 2590 883 2651; baseline 0 -1"><span class='ocrx_word' id='word_1_88' title='bbox 433 2590 571 2651; x_wconf 82' lang='lat' dir='ltr'><strong>Fundere</strong></span> <span class='ocrx_word' id='word_1_89' title='bbox 595 2590 644 2650; x_wconf 92' lang='lat' dir='ltr'><strong>dat</strong></span> <span class='ocrx_word' id='word_1_90' title='bbox 666 2610 748 2651; x_wconf 90' lang='lat' dir='ltr'><strong>mare</strong></span> <span class='ocrx_word' id='word_1_91' title='bbox 770 2598 883 2651; x_wconf 91' lang='lat' dir='ltr'><strong>ventos.</strong></span> 
     </span>
     <span class='ocr_line' id='line_1_27' title="bbox 433 2679 849 2758; baseline 0 -19"><span class='ocrx_word' id='word_1_92' title='bbox 433 2679 566 2758; x_wconf 85' lang='lat' dir='ltr'><strong>Denique</strong></span> <span class='ocrx_word' id='word_1_93' title='bbox 591 2682 616 2740; x_wconf 94' lang='lat' dir='ltr'><strong>si</strong></span> <span class='ocrx_word' id='word_1_94' title='bbox 640 2680 755 2741; x_wconf 88' lang='lat' dir='ltr'><strong>occidet</strong></span> <span class='ocrx_word' id='word_1_95' title='bbox 778 2698 849 2740; x_wconf 92' lang='lat' dir='ltr'><strong>auro</strong></span> 
     </span>
     <span class='ocr_line' id='line_1_28' title="bbox 434 2768 848 2847; baseline 0.002 -19"><span class='ocrx_word' id='word_1_96' title='bbox 434 2768 563 2829; x_wconf 89' lang='lat' dir='ltr'><strong>Lucidus</strong></span> <span class='ocrx_word' id='word_1_97' title='bbox 587 2776 637 2829; x_wconf 92' lang='lat' dir='ltr'><strong>aut</strong></span> <span class='ocrx_word' id='word_1_98' title='bbox 659 2771 749 2830; x_wconf 89' lang='lat' dir='ltr'><strong>micet</strong></span> <span class='ocrx_word' id='word_1_99' title='bbox 772 2777 848 2847; x_wconf 89' lang='lat' dir='ltr'><strong>ortu,</strong></span> 
     </span>
     <span class='ocr_line' id='line_1_29' title="bbox 433 2858 892 2919; baseline 0 -1"><span class='ocrx_word' id='word_1_100' title='bbox 433 2858 591 2919; x_wconf 91' lang='lat' dir='ltr'><strong>Permanet</strong></span> <span class='ocrx_word' id='word_1_101' title='bbox 614 2858 715 2918; x_wconf 86' lang='lat' dir='ltr'><strong>aether</strong></span> <span class='ocrx_word' id='word_1_102' title='bbox 738 2877 892 2919; x_wconf 88' lang='lat' dir='ltr'><strong>amoenus:</strong></span> 
     </span>
     <span class='ocr_line' id='line_1_30' title="bbox 434 2946 843 3025; baseline 0 -17"><span class='ocrx_word' id='word_1_103' title='bbox 434 2946 512 3008; x_wconf 84' lang='lat' dir='ltr'><strong>Cede</strong></span> <span class='ocrx_word' id='word_1_104' title='bbox 535 2965 694 3025; x_wconf 87' lang='lat' dir='ltr'><strong>pavescere</strong></span> <span class='ocrx_word' id='word_1_105' title='bbox 718 2947 843 3008; x_wconf 89' lang='lat' dir='ltr'><strong>nimbos.</strong></span> 
     </span>
    </p>
   </div>
   <div class='ocr_carea' id='block_1_5' title="bbox 175 3118 1137 3600">
    <p class='ocr_par' dir='ltr' id='par_1_6' title="bbox 175 3118 1137 3600">
     <span class='ocr_line' id='line_1_31' title="bbox 248 3118 1135 3190; baseline -0.001 -16"><span class='ocrx_word' id='word_1_106' title='bbox 248 3118 316 3175; x_wconf 74' lang='grc'><strong>772.</strong></span> <span class='ocrx_word' id='word_1_107' title='bbox 349 3121 377 3174; x_wconf 92' lang='grc' dir='ltr'><strong><em>Ρ</em></strong></span> <span class='ocrx_word' id='word_1_108' title='bbox 388 3144 422 3164; x_wconf 90' lang='lat'>=</span> <span class='ocrx_word' id='word_1_109' title='bbox 438 3119 589 3173; x_wconf 77' lang='lat' dir='ltr'><strong>Parisinus</strong></span> <span class='ocrx_word' id='word_1_110' title='bbox 601 3124 670 3172; x_wconf 82' lang='lat'>9344</span> <span class='ocrx_word' id='word_1_111' title='bbox 682 3136 750 3174; x_wconf 88' lang='lat' dir='ltr'><strong>saec.</strong></span> <span class='ocrx_word' id='word_1_112' title='bbox 766 3120 816 3172; x_wconf 89' lang='lat' dir='ltr'><strong>XI</strong></span> <span class='ocrx_word' id='word_1_113' title='bbox 817 3140 828 3186; x_wconf 91' lang='lat'><em>;</em></span> <span class='ocrx_word' id='word_1_114' title='bbox 846 3126 983 3174; x_wconf 85' lang='lat' dir='ltr'><strong>aentenena</strong></span> <span class='ocrx_word' id='word_1_115' title='bbox 997 3121 1042 3190; x_wconf 72' lang='lat' dir='ltr'><strong>(cfi</strong></span> <span class='ocrx_word' id='word_1_116' title='bbox 1060 3122 1135 3190; x_wconf 66' lang='lat' dir='ltr'><strong>Vera.</strong></span> 
     </span>
     <span class='ocr_line' id='line_1_32' title="bbox 177 3191 1111 3261; baseline -0.002 -15"><span class='ocrx_word' id='word_1_117' title='bbox 177 3192 273 3261; x_wconf 74' lang='lat' dir='ltr'><strong>Geory.</strong></span> <span class='ocrx_word' id='word_1_118' title='bbox 293 3193 313 3244; x_wconf 93' lang='lat' dir='ltr'><strong><em>I</em></strong></span> <span class='ocrx_word' id='word_1_119' title='bbox 329 3196 379 3244; x_wconf 83' lang='lat'><strong>351</strong></span> <span class='ocrx_word' id='word_1_120' title='bbox 399 3193 465 3259; x_wconf 80' lang='lat' dir='ltr'><strong>sqq.)</strong></span> <span class='ocrx_word' id='word_1_121' title='bbox 479 3191 590 3258; x_wconf 71' lang='lat' dir='ltr'><strong>patrans</strong></span> <span class='ocrx_word' id='word_1_122' title='bbox 608 3191 648 3244; x_wconf 86' lang='lat' dir='ltr'><strong>ed.</strong></span> <span class='ocrx_word' id='word_1_123' title='bbox 667 3192 808 3246; x_wconf 87' lang='lat' dir='ltr'><strong>Baehrens</strong></span> <span class='ocrx_word' id='word_1_124' title='bbox 828 3191 903 3245; x_wconf 87' lang='lat' dir='ltr'><strong>Mas.</strong></span> <span class='ocrx_word' id='word_1_125' title='bbox 922 3193 997 3245; x_wconf 90' lang='lat' dir='ltr'><strong>rhen.</strong></span> <span class='ocrx_word' id='word_1_126' title='bbox 1016 3197 1059 3257; x_wconf 83' lang='lat'><strong>31,</strong></span> <span class='ocrx_word' id='word_1_127' title='bbox 1071 3197 1111 3245; x_wconf 85' lang='lat'><strong>91.</strong></span> 
     </span>
     <span class='ocr_line' id='line_1_33' title="bbox 176 3262 1068 3332; baseline 0.001 -16"><span class='ocrx_word' id='word_1_128' title='bbox 176 3269 191 3316; x_wconf 88' lang='lat'><strong>6</strong></span> <span class='ocrx_word' id='word_1_129' title='bbox 210 3262 371 3332; x_wconf 80' lang='lat' dir='ltr'><strong>uirgineum</strong></span> <span class='ocrx_word' id='word_1_130' title='bbox 391 3262 486 3332; x_wconf 70' lang='lat' dir='ltr'><strong>Gaura.</strong></span> <span class='ocrx_word' id='word_1_131' title='bbox 506 3263 603 3328; x_wconf 82' lang='lat'><strong>1430,</strong></span> <span class='ocrx_word' id='word_1_132' title='bbox 623 3263 763 3316; x_wconf 79' lang='lat' dir='ltr'><strong>Baehrens</strong></span> <span class='ocrx_word' id='word_1_133' title='bbox 842 3267 857 3314; x_wconf 88' lang='grc'>8</span> <span class='ocrx_word' id='word_1_134' title='bbox 877 3262 1021 3316; x_wconf 81' lang='lat' dir='ltr'><strong>Flammea</strong></span> <span class='ocrx_word' id='word_1_135' title='bbox 1040 3265 1068 3317; x_wconf 93' lang='lat' dir='ltr'><strong>P</strong></span> 
     </span>
     <span class='ocr_line' id='line_1_34' title="bbox 176 3332 1136 3400; baseline 0 -14"><span class='ocrx_word' id='word_1_136' title='bbox 176 3339 210 3386; x_wconf 82' lang='grc'><strong>14</strong></span> <span class='ocrx_word' id='word_1_137' title='bbox 229 3336 292 3386; x_wconf 81' lang='lat' dir='ltr'><strong>ortu</strong></span> <span class='ocrx_word' id='word_1_138' title='bbox 306 3335 340 3400; x_wconf 90' lang='lat' dir='ltr'><strong>P,</strong></span> <span class='ocrx_word' id='word_1_139' title='bbox 358 3333 392 3399; x_wconf 82' lang='lat' dir='ltr'><strong>cs.</strong></span> <span class='ocrx_word' id='word_1_140' title='bbox 406 3333 516 3386; x_wconf 62' lang='lat'>&amp;1441</span> <span class='ocrx_word' id='word_1_141' title='bbox 591 3339 624 3386; x_wconf 83' lang='lat'><strong>15</strong></span> <span class='ocrx_word' id='word_1_142' title='bbox 643 3333 746 3386; x_wconf 83' lang='lat' dir='ltr'><strong>nothus</strong></span> <span class='ocrx_word' id='word_1_143' title='bbox 766 3335 794 3388; x_wconf 89' lang='lat' dir='ltr'><strong>P</strong></span> <span class='ocrx_word' id='word_1_144' title='bbox 827 3332 960 3387; x_wconf 77' lang='lat' dir='ltr'><strong>&amp;uentis</strong></span> <span class='ocrx_word' id='word_1_145' title='bbox 981 3335 1009 3386; x_wconf 92' lang='lat' dir='ltr'><strong>P</strong></span> <span class='ocrx_word' id='word_1_146' title='bbox 1042 3333 1136 3388; x_wconf 78' lang='lat' dir='ltr'><strong>ruendi</strong></span> 
     </span>
     <span class='ocr_line' id='line_1_35' title="bbox 175 3405 1137 3474; baseline 0 -16"><span class='ocrx_word' id='word_1_147' title='bbox 175 3405 316 3458; x_wconf 79' lang='lat' dir='ltr'><strong>Baehrens</strong></span> <span class='ocrx_word' id='word_1_148' title='bbox 389 3408 422 3457; x_wconf 89' lang='lat'><strong>18</strong></span> <span class='ocrx_word' id='word_1_149' title='bbox 441 3405 505 3456; x_wconf 76' lang='lat' dir='ltr'><strong>onu</strong></span> <span class='ocrx_word' id='word_1_150' title='bbox 523 3405 551 3457; x_wconf 96' lang='lat' dir='ltr'><strong>P</strong></span> <span class='ocrx_word' id='word_1_151' title='bbox 585 3405 654 3457; x_wconf 88' lang='lat' dir='ltr'><strong>hora</strong></span> <span class='ocrx_word' id='word_1_152' title='bbox 668 3405 809 3458; x_wconf 79' lang='lat' dir='ltr'><strong>Baehrens</strong></span> <span class='ocrx_word' id='word_1_153' title='bbox 823 3421 856 3458; x_wconf 81' lang='lat' dir='ltr'><strong>aa</strong></span> <span class='ocrx_word' id='word_1_154' title='bbox 873 3405 905 3459; x_wconf 72' lang='lat' dir='ltr'><strong>G.</strong></span> <span class='ocrx_word' id='word_1_155' title='bbox 917 3406 939 3458; x_wconf 90' lang='lat' dir='ltr'><strong><em>I</em></strong></span> <span class='ocrx_word' id='word_1_156' title='bbox 943 3409 995 3457; x_wconf 79' lang='lat'><strong>425</strong></span> <span class='ocrx_word' id='word_1_157' title='bbox 1024 3413 1087 3474; x_wconf 79' lang='lat' dir='ltr'><strong>post</strong></span> <span class='ocrx_word' id='word_1_158' title='bbox 1101 3411 1137 3458; x_wconf 82' lang='lat'><strong>20</strong></span> 
     </span>
     <span class='ocr_line' id='line_1_36' title="bbox 175 3475 1111 3531; baseline 0.004 -4"><span class='ocrx_word' id='word_1_159' title='bbox 175 3475 305 3529; x_wconf 88' lang='lat' dir='ltr'><strong>lacnnarn</strong></span> <span class='ocrx_word' id='word_1_160' title='bbox 322 3477 420 3529; x_wconf 72' lang='lat' dir='ltr'><strong>natali</strong></span> <span class='ocrx_word' id='word_1_161' title='bbox 433 3475 574 3529; x_wconf 84' lang='lat' dir='ltr'><strong>Baelnens</strong></span> <span class='ocrx_word' id='word_1_162' title='bbox 628 3480 660 3528; x_wconf 79' lang='lat'><strong>23</strong></span> <span class='ocrx_word' id='word_1_163' title='bbox 680 3475 836 3528; x_wconf 84' lang='lat' dir='ltr'><strong>maculosos</strong></span> <span class='ocrx_word' id='word_1_164' title='bbox 851 3477 879 3530; x_wconf 95' lang='lat' dir='ltr'><strong>P</strong></span> <span class='ocrx_word' id='word_1_165' title='bbox 931 3481 964 3528; x_wconf 73' lang='lat'><strong>25</strong></span> <span class='ocrx_word' id='word_1_166' title='bbox 984 3492 1064 3530; x_wconf 86' lang='lat' dir='ltr'><strong>euros</strong></span> <span class='ocrx_word' id='word_1_167' title='bbox 1083 3478 1111 3531; x_wconf 92' lang='lat' dir='ltr'><strong>P</strong></span> 
     </span>
     <span class='ocr_line' id='line_1_37' title="bbox 175 3546 403 3600; baseline 0.004 -2"><span class='ocrx_word' id='word_1_168' title='bbox 175 3561 243 3599; x_wconf 86' lang='lat' dir='ltr'><strong>auro</strong></span> <span class='ocrx_word' id='word_1_169' title='bbox 262 3546 403 3600; x_wconf 86' lang='lat' dir='ltr'><strong>Baehrens</strong></span> 
     </span>
    </p>
   </div>
   <div class='ocr_carea' id='block_1_6' title="bbox 0 0 1296 3924">
    <p class='ocr_par' dir='ltr' id='par_1_7' title="bbox 0 0 1296 3924">
     <span class='ocr_line' id='line_1_38' title="bbox 0 0 1296 3924; baseline 0 1"><span class='ocrx_word' id='word_1_170' title='bbox 0 0 1296 3924; x_wconf 95' lang='lat' dir='ltr'><strong> </strong></span> 
     </span>
    </p>
   </div>
  </div>
 </body>
</html>
