2582 3924
189 199 255 263 244
578 200 606 255 u.
624 206 687 268 raa,
701 217 767 257 r-ac

189 365 266 426 Nam
289 365 418 427 borealis
443 385 515 446 apex
540 375 637 428 arctos
662 368 822 447 conplexus
846 376 876 428 et
898 387 1025 447 anguem

189 454 402 534 Arctophylaca
426 458 500 534 tegit
522 474 578 517 nec
601 476 661 517 non
685 457 843 518 simulacra
866 475 1002 536 coronae,

189 544 428 624 Engonasinque,
452 545 554 624 lyram,
579 564 706 624 cygnum
730 565 783 607 seu
808 545 999 626 Cassiepiam,

188 633 279 694 Cuius
303 633 386 694 adest
408 634 534 713 pedibus
558 637 687 695 coniunx
711 643 741 695 et
763 634 822 696 filia
847 634 967 696 dextris.

187 721 315 783 Perseus
339 723 408 783 inde
432 742 533 803 gener,
556 731 627 784 tunc
651 731 697 784 est
720 726 881 803 caprarius,
905 724 974 785 inde

187 811 336 890 Deltoton,
360 831 454 891 equus
477 831 512 872 ac
536 812 665 893 delphin,
691 813 788 892 aquila
813 821 901 893 atque
926 816 1040 892 sagitta,

188 901 401 979 Anguitenens,
425 903 513 981 aries,
536 908 649 981 taurus,
674 921 741 963 cum
765 903 886 963 Castore
910 903 1013 964 Pollux

188 989 226 1049 Et
249 1008 365 1069 cancer,
389 990 444 1069 leo,
467 992 559 1070 virgo,
584 993 645 1052 suis
669 1011 737 1052 cum
762 993 879 1071 scorpio
903 992 1005 1070 cheliS,

189 1079 365 1139 Arcitenens
388 1078 517 1159 tandem,
541 1082 733 1159 capricornus
758 1088 786 1141 et
809 1083 925 1142 urniser
947 1081 1030 1162 inde,

188 1166 325 1228 Piscibus
349 1175 500 1228 extremus
524 1169 607 1230 locus
632 1177 678 1230 est
700 1189 789 1249 quem
813 1170 937 1248 signifer
961 1171 1066 1249 explet.

187 1255 306 1316 Primus
330 1259 361 1316 in
385 1259 528 1318 austrinis
552 1257 644 1318 Orion
668 1258 803 1337 partibus
827 1261 896 1338 exit,

188 1345 265 1406 'lum
288 1345 372 1424 lepus
398 1354 443 1406 est
466 1354 497 1406 et
519 1349 638 1426 utrique
663 1366 751 1408 canes
775 1348 911 1427 Argoque
934 1350 1075 1426 triremis,

187 1434 315 1513 Hydrus,
340 1434 516 1514 Centaurus,
541 1436 594 1496 sed
617 1444 647 1496 et
670 1455 721 1496 ara
745 1445 775 1497 et
797 1439 889 1517 piscis
914 1439 1052 1513 enormis,

187 1523 307 1603 Pistrix,
331 1523 513 1586 Heridanus:
537 1527 581 1586 sic
605 1526 748 1604 sphaerae
772 1526 840 1586 finis
864 1525 998 1604 habetur,

188 1611 282 1683 Quam
306 1615 417 1691 gemini
441 1613 557 1674 findunt
581 1633 674 1693 aequa
697 1614 753 1675 suh
777 1623 857 1675 sorte
881 1616 984 1694 coluri,

188 1701 226 1762 Se
251 1702 398 1780 tangendo
422 1702 498 1782 polis
522 1703 592 1764 dum
616 1722 704 1764 zonas
728 1705 859 1784 quinque
882 1713 1047 1783 pererrant.

187 1791 247 1852 llas
270 1791 433 1852 hincinde
458 1791 515 1852 sibi
540 1792 655 1853 diversa
680 1801 803 1873 aparte
828 1802 969 1873 coaequat

187 1879 279 1940 Linea
302 1900 378 1960 quae
403 1881 513 1941 scindit
535 1881 649 1942 medios
672 1889 815 1962 utrosque
840 1883 965 1943 coluros.

187 1968 314 2029 'lorrida
337 1989 407 2030 zona
433 1970 505 2030 duas
530 1973 609 2030 circa
633 1990 664 2030 se
689 1990 705 2030 a
728 1969 838 2050 frigore
862 1980 973 2052 servat,

187 2057 261 2118 Nam
285 2077 373 2119 zonas
397 2059 510 2120 similes
535 2059 673 2140 aequales
698 2059 824 2121 dicimus
848 2079 913 2121 esse

187 2146 221 2206 ln
244 2147 319 2208 caeli
342 2157 498 2227 terraeque
523 2148 609 2209 modo
634 2149 776 2209 Cicerone
799 2151 950 2228 magistro.

187 2236 296 2296 Vertar
320 2235 463 2297 alteruter
486 2237 618 2298 terdenis
641 2237 775 2317 partibus
799 2256 816 2298 a
840 2257 871 2299 se

188 2324 313 2405 Semper
337 2325 419 2386 abest
443 2328 615 2406 circumque
639 2327 710 2387 iacit
733 2346 785 2388 sex
808 2327 940 2407 undique
964 2329 1105 2408 sumptis,

187 2413 264 2474 'lum
287 2416 392 2492 quinas
415 2417 566 2494 utrimque
591 2417 668 2476 leret
690 2416 860 2476 habitabilis
883 2435 943 2476 ora.

186 2502 346 2582 dequidies
371 2505 449 2582 capit
472 2513 593 2566 octonas
615 2506 695 2584 hinc,
718 2504 788 2565 inde
811 2512 979 2585 quaternas

189 2592 319 2671 Corpora
343 2594 496 2670 signorum
520 2596 608 2654 circis
632 2602 807 2654 resecantur
830 2594 952 2654 eisdem.

187 2680 241 2741 His
264 2700 355 2761 super
378 2700 443 2743 esse
468 2683 568 2744 ierunt
592 2683 672 2743 caelo
696 2685 873 2762 cuicumque
896 2682 1050 2761 notandos

189 2769 321 2839 Quorum
345 2773 459 2849 primus
483 2774 508 2832 is
533 2778 586 2849 est,
610 2775 661 2851 qui
686 2772 828 2833 candidus
853 2779 933 2832 extat
955 2774 987 2831 in
1011 2775 1100 2832 astris

187 2858 314 2938 Obliquo
339 2860 411 2920 caeli
435 2869 535 2940 portas
559 2861 732 2921 discrimine
756 2869 894 2942 tangens3
1166 2886 1193 2926 es

259 3090 274 3137 9
295 3085 499 3154 Engonasimq3
516 3086 543 3139 V
575 3102 624 3139 seu
635 3088 689 3154 (ae.
702 3087 740 3158 et)
751 3088 779 3140 P
788 3087 814 3140 V
847 3103 898 3139 ceu
907 3087 1035 3140 Bursian
1044 3087 1095 3155 (ed.
1102 3104 1149 3154 pr.

187 3159 219 3209 a'n
237 3157 508 3225 canoipotamon,
529 3159 590 3226 186)
610 3157 651 3210 sic
670 3159 810 3211 Baehrens
883 3162 914 3210 11
935 3157 1001 3210 inde
1020 3159 1150 3212 Bursian

188 3227 237 3280 ille
257 3228 319 3281 PV
388 3233 421 3280 14
441 3245 504 3280 cum
531 3229 553 3282 V
585 3230 647 3281 tum
666 3230 693 3283 P
765 3236 796 3282 15
816 3230 930 3298 urniger
949 3231 1076 3282 Bursian

189 3304 222 3351 16
242 3299 372 3352 extremis
406 3301 468 3365 VP,
496 3299 586 3354 recte?
672 3306 705 3353 21
724 3299 824 3352 iamini
843 3301 870 3353 P
949 3305 982 3352 23
1003 3315 1020 3352 a
1042 3317 1093 3352 orn.
1114 3302 1150 3366 P,

187 3387 262 3438 supr.
292 3370 340 3424 lr'n.
375 3370 402 3424 V
497 3377 530 3423 26
555 3387 616 3425 esse
649 3373 676 3425 V
717 3375 759 3425 est
782 3373 810 3425 P
899 3376 932 3424 27
957 3371 1006 3425 Bac
1033 3371 1150 3442 Hygino

188 3442 281 3496 hausit
296 3447 386 3510 poeta,
405 3458 462 3494 non
480 3460 513 3496 ac
534 3442 659 3497 Cicerone
675 3444 809 3510 (Malean).
887 3448 919 3495 31
940 3442 1093 3510 Aequidies
1112 3444 1149 3508 cf.

194 3513 350 3579 Woelfflinr'
376 3513 487 3566 Archia.
517 3513 612 3567 Lenia.
632 3515 679 3568 lat.
692 3515 733 3567 H.
822 3519 855 3566 34
875 3513 899 3566 is
923 3515 966 3566 est
985 3513 1113 3567 Bursian

188 3583 262 3637 inest
281 3583 341 3637 PV
377 3585 489 3636 constat
517 3584 544 3637 V
