<?xml version="1.0" encoding="UTF-8"?>
<!DOCTYPE html PUBLIC "-//W3C//DTD XHTML 1.0 Transitional//EN"
    "http://www.w3.org/TR/xhtml1/DTD/xhtml1-transitional.dtd">
<html xmlns="http://www.w3.org/1999/xhtml" xml:lang="en" lang="en">
 <head>
  <title>
</title>
<meta http-equiv="Content-Type" content="text/html;charset=utf-8" />
  <meta name='ocr-system' content='tesseract 3.04.00' />
  <meta name='ocr-capabilities' content='ocr_page ocr_carea ocr_par ocr_line ocrx_word'/>
</head>
<body>
  <div class='ocr_page' id='page_1' title='image "./carminaincodici00riesgoog_0360.png"; bbox 0 0 2586 3922; ppageno 0'>
   <div class='ocr_carea' id='block_1_1' title="bbox 583 149 763 218">
    <p class='ocr_par' dir='ltr' id='par_1_1' title="bbox 583 149 763 218">
     <span class='ocr_line' id='line_1_1' title="bbox 583 149 763 218; baseline 0 -14"><span class='ocrx_word' id='word_1_1' title='bbox 583 149 611 204; x_wconf 81' lang='lat' dir='ltr'>C.</span> <span class='ocrx_word' id='word_1_2' title='bbox 627 154 763 218; x_wconf 76' lang='lat' dir='ltr'>928,n-ee</span> 
     </span>
    </p>
   </div>
   <div class='ocr_carea' id='block_1_2' title="bbox 337 308 1001 2949">
    <p class='ocr_par' dir='ltr' id='par_1_2' title="bbox 409 308 852 380">
     <span class='ocr_line' id='line_1_2' title="bbox 409 308 852 380; baseline 0.005 -18"><span class='ocrx_word' id='word_1_3' title='bbox 409 308 486 374; x_wconf 85' lang='lat' dir='ltr'>Quae</span> <span class='ocrx_word' id='word_1_4' title='bbox 506 309 632 364; x_wconf 85' lang='lat' dir='ltr'>Christus</span> <span class='ocrx_word' id='word_1_5' title='bbox 650 310 772 380; x_wconf 91' lang='lat' dir='ltr'>imperat</span> <span class='ocrx_word' id='word_1_6' title='bbox 791 309 852 364; x_wconf 91' lang='lat' dir='ltr'>coli.</span> 
     </span>
    </p>

    <p class='ocr_par' dir='ltr' id='par_1_3' title="bbox 337 388 979 460">
     <span class='ocr_line' id='line_1_3' title="bbox 337 388 979 460; baseline 0 -18"><span class='ocrx_word' id='word_1_7' title='bbox 337 388 369 442; x_wconf 90' lang='lat' dir='ltr'>In</span> <span class='ocrx_word' id='word_1_8' title='bbox 387 405 435 444; x_wconf 88' lang='lat' dir='ltr'>ore</span> <span class='ocrx_word' id='word_1_9' title='bbox 454 389 580 444; x_wconf 84' lang='lat' dir='ltr'>Christus</span> <span class='ocrx_word' id='word_1_10' title='bbox 599 393 705 459; x_wconf 83' lang='lat' dir='ltr'>nectar,</span> <span class='ocrx_word' id='word_1_11' title='bbox 724 391 754 444; x_wconf 91' lang='lat' dir='ltr'>in</span> <span class='ocrx_word' id='word_1_12' title='bbox 772 389 872 460; x_wconf 82' lang='lat' dir='ltr'>lingna</span> <span class='ocrx_word' id='word_1_13' title='bbox 890 389 979 458; x_wconf 82' lang='lat' dir='ltr'>favus,</span> 
     </span>
    </p>

    <p class='ocr_par' dir='ltr' id='par_1_4' title="bbox 358 470 828 541">
     <span class='ocr_line' id='line_1_4' title="bbox 358 470 828 541; baseline 0.004 -18"><span class='ocrx_word' id='word_1_14' title='bbox 358 533 360 536; x_wconf 23' lang='lat'>¹</span> <span class='ocrx_word' id='word_1_15' title='bbox 408 470 558 524; x_wconf 88' lang='lat' dir='ltr'>Ambrosia</span> <span class='ocrx_word' id='word_1_16' title='bbox 575 471 638 524; x_wconf 83' lang='lat' dir='ltr'>viva</span> <span class='ocrx_word' id='word_1_17' title='bbox 656 471 687 524; x_wconf 92' lang='lat' dir='ltr'>in</span> <span class='ocrx_word' id='word_1_18' title='bbox 705 473 828 541; x_wconf 80' lang='lat' dir='ltr'>gutture,</span> 
     </span>
    </p>

    <p class='ocr_par' dir='ltr' id='par_1_5' title="bbox 338 548 956 702">
     <span class='ocr_line' id='line_1_5' title="bbox 338 548 956 621; baseline 0.002 -18"><span class='ocrx_word' id='word_1_19' title='bbox 338 548 424 604; x_wconf 87' lang='lat' dir='ltr'>Lotus</span> <span class='ocrx_word' id='word_1_20' title='bbox 443 550 528 605; x_wconf 87' lang='lat' dir='ltr'>beata</span> <span class='ocrx_word' id='word_1_21' title='bbox 546 551 577 604; x_wconf 89' lang='lat' dir='ltr'>in</span> <span class='ocrx_word' id='word_1_22' title='bbox 595 553 717 621; x_wconf 79' lang='lat' dir='ltr'>pectore,</span> <span class='ocrx_word' id='word_1_23' title='bbox 737 569 753 604; x_wconf 85' lang='lat' dir='ltr'>a</span> <span class='ocrx_word' id='word_1_24' title='bbox 773 567 828 620; x_wconf 91' lang='lat' dir='ltr'>qua</span> <span class='ocrx_word' id='word_1_25' title='bbox 846 551 956 605; x_wconf 86' lang='lat' dir='ltr'>nescias</span> 
     </span>
     <span class='ocr_line' id='line_1_6' title="bbox 409 630 747 702; baseline 0 -18"><span class='ocrx_word' id='word_1_26' title='bbox 409 630 496 685; x_wconf 80' lang='lat' dir='ltr'><strong>Abire</strong></span> <span class='ocrx_word' id='word_1_27' title='bbox 514 634 629 702; x_wconf 84' lang='lat' dir='ltr'>gustata</span> <span class='ocrx_word' id='word_1_28' title='bbox 647 632 747 698; x_wconf 83' lang='lat' dir='ltr'>semcl;</span> 
     </span>
    </p>

    <p class='ocr_par' dir='ltr' id='par_1_6' title="bbox 338 710 928 846">
     <span class='ocr_line' id='line_1_7' title="bbox 338 710 928 782; baseline 0.002 -19"><span class='ocrx_word' id='word_1_29' title='bbox 338 710 396 765; x_wconf 89' lang='lat' dir='ltr'>Mel</span> <span class='ocrx_word' id='word_1_30' title='bbox 413 711 444 764; x_wconf 90' lang='lat' dir='ltr'>in</span> <span class='ocrx_word' id='word_1_31' title='bbox 462 711 602 779; x_wconf 81' lang='lat' dir='ltr'>medullis,</span> <span class='ocrx_word' id='word_1_32' title='bbox 621 712 670 766; x_wconf 81' lang='lat' dir='ltr'>lux</span> <span class='ocrx_word' id='word_1_33' title='bbox 689 728 787 767; x_wconf 88' lang='lat' dir='ltr'>serena</span> <span class='ocrx_word' id='word_1_34' title='bbox 805 711 928 782; x_wconf 80' lang='lat' dir='ltr'>pupulis,</span> 
     </span>
     <span class='ocr_line' id='line_1_8' title="bbox 409 791 783 846; baseline 0.005 -2"><span class='ocrx_word' id='word_1_35' title='bbox 409 791 442 844; x_wconf 93' lang='lat' dir='ltr'>In</span> <span class='ocrx_word' id='word_1_36' title='bbox 461 792 576 846; x_wconf 87' lang='lat' dir='ltr'>auribus</span> <span class='ocrx_word' id='word_1_37' title='bbox 595 793 671 846; x_wconf 85' lang='lat' dir='ltr'>vitae</span> <span class='ocrx_word' id='word_1_38' title='bbox 691 809 783 846; x_wconf 90' lang='lat' dir='ltr'>sonus.</span> 
     </span>
    </p>

    <p class='ocr_par' dir='ltr' id='par_1_7' title="bbox 341 870 958 1008">
     <span class='ocr_line' id='line_1_9' title="bbox 341 870 958 941; baseline 0.005 -19"><span class='ocrx_word' id='word_1_39' title='bbox 341 870 427 924; x_wconf 84' lang='lat' dir='ltr'>†Itlin</span> <span class='ocrx_word' id='word_1_40' title='bbox 445 872 490 926; x_wconf 88' lang='lat' dir='ltr'>vel</span> <span class='ocrx_word' id='word_1_41' title='bbox 507 873 651 941; x_wconf 73' lang='lat' dir='ltr'>plectrum</span> <span class='ocrx_word' id='word_1_42' title='bbox 667 873 760 926; x_wconf 87' lang='lat' dir='ltr'>suavis</span> <span class='ocrx_word' id='word_1_43' title='bbox 779 872 958 941; x_wconf 76' lang='lat' dir='ltr'>eloquentiae</span> 
     </span>
     <span class='ocr_line' id='line_1_10' title="bbox 409 951 819 1008; baseline 0.005 -4"><span class='ocrx_word' id='word_1_44' title='bbox 409 951 601 1007; x_wconf 86' lang='lat' dir='ltr'>Hocnomine</span> <span class='ocrx_word' id='word_1_45' title='bbox 620 953 718 1008; x_wconf 85' lang='lat' dir='ltr'>audito</span> <span class='ocrx_word' id='word_1_46' title='bbox 737 952 819 1007; x_wconf 83' lang='lat' dir='ltr'>redit.</span> 
     </span>
    </p>

    <p class='ocr_par' dir='ltr' id='par_1_8' title="bbox 339 1030 882 1181">
     <span class='ocr_line' id='line_1_11' title="bbox 339 1030 882 1102; baseline 0.004 -18"><span class='ocrx_word' id='word_1_47' title='bbox 339 1030 427 1085; x_wconf 86' lang='lat' dir='ltr'>Cursu</span> <span class='ocrx_word' id='word_1_48' title='bbox 445 1035 574 1102; x_wconf 82' lang='lat' dir='ltr'>vagante,</span> <span class='ocrx_word' id='word_1_49' title='bbox 593 1032 700 1087; x_wconf 89' lang='lat' dir='ltr'>lubrico</span> <span class='ocrx_word' id='word_1_50' title='bbox 719 1033 882 1100; x_wconf 82' lang='lat' dir='ltr'>infortuni0‚</span> 
     </span>
     <span class='ocr_line' id='line_1_12' title="bbox 409 1111 722 1181; baseline 0.01 -17"><span class='ocrx_word' id='word_1_51' title='bbox 409 1111 625 1167; x_wconf 84' lang='lat' dir='ltr'>Tentotionibus</span> <span class='ocrx_word' id='word_1_52' title='bbox 644 1113 722 1181; x_wconf 81' lang='lat' dir='ltr'>Mali,</span> 
     </span>
    </p>

    <p class='ocr_par' dir='ltr' id='par_1_9' title="bbox 340 1191 927 1344">
     <span class='ocr_line' id='line_1_13' title="bbox 340 1191 927 1264; baseline 0 -18"><span class='ocrx_word' id='word_1_53' title='bbox 340 1191 394 1246; x_wconf 86' lang='lat' dir='ltr'>Siti</span> <span class='ocrx_word' id='word_1_54' title='bbox 413 1194 442 1246; x_wconf 87' lang='lat' dir='ltr'>et</span> <span class='ocrx_word' id='word_1_55' title='bbox 459 1192 543 1260; x_wconf 81' lang='lat' dir='ltr'>fame,</span> <span class='ocrx_word' id='word_1_56' title='bbox 563 1193 656 1248; x_wconf 89' lang='lat' dir='ltr'>calore</span> <span class='ocrx_word' id='word_1_57' title='bbox 674 1196 703 1247; x_wconf 89' lang='lat' dir='ltr'>et</span> <span class='ocrx_word' id='word_1_58' title='bbox 722 1194 790 1264; x_wconf 76' lang='lat' dir='ltr'>algu</span> <span class='ocrx_word' id='word_1_59' title='bbox 808 1193 927 1247; x_wconf 76' lang='lat' dir='ltr'><strong>mortuis</strong></span> 
     </span>
     <span class='ocr_line' id='line_1_14' title="bbox 410 1272 848 1344; baseline 0 -18"><span class='ocrx_word' id='word_1_60' title='bbox 410 1272 554 1344; x_wconf 83' lang='lat' dir='ltr'>Malagma</span> <span class='ocrx_word' id='word_1_61' title='bbox 571 1274 723 1343; x_wconf 74' lang='lat' dir='ltr'>praebetur</span> <span class='ocrx_word' id='word_1_62' title='bbox 740 1277 848 1344; x_wconf 89' lang='lat' dir='ltr'>potens.</span> 
     </span>
    </p>

    <p class='ocr_par' dir='ltr' id='par_1_10' title="bbox 340 1352 903 1503">
     <span class='ocr_line' id='line_1_15' title="bbox 340 1352 866 1424; baseline 0.004 -18"><span class='ocrx_word' id='word_1_63' title='bbox 340 1352 490 1407; x_wconf 89' lang='lat' dir='ltr'>Penetrale</span> <span class='ocrx_word' id='word_1_64' title='bbox 505 1353 608 1408; x_wconf 86' lang='lat' dir='ltr'>mentis</span> <span class='ocrx_word' id='word_1_65' title='bbox 627 1354 689 1408; x_wconf 89' lang='lat' dir='ltr'>dira</span> <span class='ocrx_word' id='word_1_66' title='bbox 708 1355 866 1424; x_wconf 78' lang='lat' dir='ltr'>desperatio</span> 
     </span>
     <span class='ocr_line' id='line_1_16' title="bbox 409 1433 903 1503; baseline 0 -16"><span class='ocrx_word' id='word_1_67' title='bbox 409 1433 608 1488; x_wconf 90' lang='lat' dir='ltr'>Peecaminum</span> <span class='ocrx_word' id='word_1_68' title='bbox 626 1435 662 1488; x_wconf 94' lang='lat' dir='ltr'>ob</span> <span class='ocrx_word' id='word_1_69' title='bbox 680 1434 783 1489; x_wconf 90' lang='lat' dir='ltr'>molem</span> <span class='ocrx_word' id='word_1_70' title='bbox 802 1435 903 1503; x_wconf 83' lang='lat' dir='ltr'>quatit,</span> 
     </span>
    </p>

    <p class='ocr_par' dir='ltr' id='par_1_11' title="bbox 341 1514 971 1662">
     <span class='ocr_line' id='line_1_17' title="bbox 341 1514 971 1584; baseline -0.002 -16"><span class='ocrx_word' id='word_1_71' title='bbox 341 1514 436 1570; x_wconf 85' lang='lat' dir='ltr'>Saevit</span> <span class='ocrx_word' id='word_1_72' title='bbox 452 1516 572 1583; x_wconf 82' lang='lat' dir='ltr'>paterna</span> <span class='ocrx_word' id='word_1_73' title='bbox 589 1515 619 1568; x_wconf 91' lang='lat' dir='ltr'>in</span> <span class='ocrx_word' id='word_1_74' title='bbox 637 1515 743 1569; x_wconf 83' lang='lat' dir='ltr'>viscere</span> <span class='ocrx_word' id='word_1_75' title='bbox 761 1516 818 1569; x_wconf 90' lang='lat' dir='ltr'>imo</span> <span class='ocrx_word' id='word_1_76' title='bbox 836 1515 971 1584; x_wconf 82' lang='lat' dir='ltr'>pravitas,</span> 
     </span>
     <span class='ocr_line' id='line_1_18' title="bbox 409 1594 779 1662; baseline 0.003 -15"><span class='ocrx_word' id='word_1_77' title='bbox 409 1594 511 1648; x_wconf 88' lang='lat' dir='ltr'>Libido</span> <span class='ocrx_word' id='word_1_78' title='bbox 531 1595 676 1650; x_wconf 81' lang='lat' dir='ltr'>succendit</span> <span class='ocrx_word' id='word_1_79' title='bbox 694 1596 779 1662; x_wconf 80' lang='lat' dir='ltr'>faces,</span> 
     </span>
    </p>

    <p class='ocr_par' dir='ltr' id='par_1_12' title="bbox 340 1675 873 1825">
     <span class='ocr_line' id='line_1_19' title="bbox 340 1675 873 1745; baseline 0 -17"><span class='ocrx_word' id='word_1_80' title='bbox 340 1675 410 1729; x_wconf 85' lang='lat' dir='ltr'>Auri</span> <span class='ocrx_word' id='word_1_81' title='bbox 429 1675 532 1744; x_wconf 88' lang='lat' dir='ltr'>cupido</span> <span class='ocrx_word' id='word_1_82' title='bbox 550 1675 635 1730; x_wconf 81' lang='lat' dir='ltr'>molle</span> <span class='ocrx_word' id='word_1_83' title='bbox 654 1678 753 1745; x_wconf 85' lang='lat' dir='ltr'>pectus</span> <span class='ocrx_word' id='word_1_84' title='bbox 772 1675 873 1729; x_wconf 89' lang='lat' dir='ltr'>incitat</span> 
     </span>
     <span class='ocr_line' id='line_1_20' title="bbox 411 1754 802 1825; baseline 0.008 -18"><span class='ocrx_word' id='word_1_85' title='bbox 411 1754 465 1808; x_wconf 91' lang='lat' dir='ltr'>Per</span> <span class='ocrx_word' id='word_1_86' title='bbox 482 1755 526 1808; x_wconf 80' lang='lat' dir='ltr'>ias</span> <span class='ocrx_word' id='word_1_87' title='bbox 544 1755 681 1823; x_wconf 78' lang='lat' dir='ltr'>nefasque</span> <span class='ocrx_word' id='word_1_88' title='bbox 700 1757 802 1825; x_wconf 78' lang='lat' dir='ltr'>cogier,</span> 
     </span>
    </p>

    <p class='ocr_par' dir='ltr' id='par_1_13' title="bbox 339 1834 1001 1986">
     <span class='ocr_line' id='line_1_21' title="bbox 339 1834 1001 1906; baseline -0.003 -16"><span class='ocrx_word' id='word_1_89' title='bbox 339 1835 483 1890; x_wconf 86' lang='lat' dir='ltr'>Fectentis</span> <span class='ocrx_word' id='word_1_90' title='bbox 503 1836 613 1890; x_wconf 86' lang='lat' dir='ltr'>animus</span> <span class='ocrx_word' id='word_1_91' title='bbox 631 1835 727 1890; x_wconf 91' lang='lat' dir='ltr'>haurit</span> <span class='ocrx_word' id='word_1_92' title='bbox 744 1835 898 1906; x_wconf 83' lang='lat' dir='ltr'>ingluviem</span> <span class='ocrx_word' id='word_1_93' title='bbox 916 1834 1001 1904; x_wconf 80' lang='lat' dir='ltr'>gulae</span> 
     </span>
     <span class='ocr_line' id='line_1_22' title="bbox 410 1915 920 1986; baseline -0.002 -17"><span class='ocrx_word' id='word_1_94' title='bbox 410 1915 519 1970; x_wconf 90' lang='lat' dir='ltr'>Venere</span> <span class='ocrx_word' id='word_1_95' title='bbox 538 1918 624 1984; x_wconf 86' lang='lat' dir='ltr'>atque</span> <span class='ocrx_word' id='word_1_96' title='bbox 643 1916 753 1970; x_wconf 89' lang='lat' dir='ltr'>Baccho</span> <span class='ocrx_word' id='word_1_97' title='bbox 772 1916 920 1986; x_wconf 79' lang='lat' dir='ltr'>perditam,</span> 
     </span>
    </p>

    <p class='ocr_par' dir='ltr' id='par_1_14' title="bbox 341 1995 879 2147">
     <span class='ocr_line' id='line_1_23' title="bbox 341 1995 879 2066; baseline -0.004 -16"><span class='ocrx_word' id='word_1_98' title='bbox 341 1995 477 2050; x_wconf 82' lang='lat' dir='ltr'>Cruentus</span> <span class='ocrx_word' id='word_1_99' title='bbox 496 1995 571 2050; x_wconf 85' lang='lat' dir='ltr'>ultor</span> <span class='ocrx_word' id='word_1_100' title='bbox 588 1998 686 2066; x_wconf 90' lang='lat' dir='ltr'>raptat</span> <span class='ocrx_word' id='word_1_101' title='bbox 703 1995 879 2050; x_wconf 85' lang='lat' dir='ltr'>iracundiam</span> 
     </span>
     <span class='ocr_line' id='line_1_24' title="bbox 410 2076 865 2147; baseline 0.004 -19"><span class='ocrx_word' id='word_1_102' title='bbox 410 2076 544 2130; x_wconf 81' lang='lat' dir='ltr'>Macrone</span> <span class='ocrx_word' id='word_1_103' title='bbox 563 2079 693 2146; x_wconf 89' lang='lat' dir='ltr'>prompto</span> <span class='ocrx_word' id='word_1_104' title='bbox 713 2077 865 2147; x_wconf 76' lang='lat' dir='ltr'>stinguere,</span> 
     </span>
    </p>

    <p class='ocr_par' dir='ltr' id='par_1_15' title="bbox 340 2156 993 2307">
     <span class='ocr_line' id='line_1_25' title="bbox 340 2156 993 2211; baseline -0.002 -1"><span class='ocrx_word' id='word_1_105' title='bbox 340 2156 445 2211; x_wconf 83' lang='lat' dir='ltr'>inferre</span> <span class='ocrx_word' id='word_1_106' title='bbox 463 2157 582 2211; x_wconf 91' lang='lat' dir='ltr'>mandat</span> <span class='ocrx_word' id='word_1_107' title='bbox 599 2159 689 2211; x_wconf 87' lang='lat' dir='ltr'>terror</span> <span class='ocrx_word' id='word_1_108' title='bbox 706 2156 892 2210; x_wconf 89' lang='lat' dir='ltr'>infortunium</span> <span class='ocrx_word' id='word_1_109' title='bbox 992 2165 993 2169; x_wconf 77' lang='grc'>’</span> 
     </span>
     <span class='ocr_line' id='line_1_26' title="bbox 412 2237 821 2307; baseline 0 -16"><span class='ocrx_word' id='word_1_110' title='bbox 412 2237 515 2292; x_wconf 81' lang='lat' dir='ltr'>Cavete</span> <span class='ocrx_word' id='word_1_111' title='bbox 534 2237 719 2307; x_wconf 88' lang='lat' dir='ltr'>quod&#39;possis</span> <span class='ocrx_word' id='word_1_112' title='bbox 738 2237 821 2304; x_wconf 79' lang='lat' dir='ltr'>male,</span> 
     </span>
    </p>

    <p class='ocr_par' dir='ltr' id='par_1_16' title="bbox 340 2317 899 2468">
     <span class='ocr_line' id='line_1_27' title="bbox 340 2317 885 2387; baseline -0.004 -16"><span class='ocrx_word' id='word_1_113' title='bbox 340 2317 391 2371; x_wconf 90' lang='lat' dir='ltr'>Vis</span> <span class='ocrx_word' id='word_1_114' title='bbox 409 2318 549 2387; x_wconf 91' lang='lat' dir='ltr'>impotens</span> <span class='ocrx_word' id='word_1_115' title='bbox 569 2317 613 2371; x_wconf 89' lang='lat' dir='ltr'>sui</span> <span class='ocrx_word' id='word_1_116' title='bbox 631 2317 699 2372; x_wconf 89' lang='lat' dir='ltr'>eicit</span> <span class='ocrx_word' id='word_1_117' title='bbox 716 2317 885 2387; x_wconf 88' lang='lat' dir='ltr'>patientiam</span> 
     </span>
     <span class='ocr_line' id='line_1_28' title="bbox 411 2397 899 2468; baseline -0.002 -18"><span class='ocrx_word' id='word_1_118' title='bbox 411 2397 448 2450; x_wconf 87' lang='lat' dir='ltr'>Et</span> <span class='ocrx_word' id='word_1_119' title='bbox 467 2415 545 2452; x_wconf 88' lang='lat' dir='ltr'>arma</span> <span class='ocrx_word' id='word_1_120' title='bbox 564 2397 676 2466; x_wconf 88' lang='lat' dir='ltr'>quaerit</span> <span class='ocrx_word' id='word_1_121' title='bbox 693 2398 813 2468; x_wconf 86' lang='lat' dir='ltr'>perdita,</span> <span class='ocrx_word' id='word_1_122' title='bbox 898 2425 899 2428; x_wconf 36' lang='lat'>¹</span> 
     </span>
    </p>

    <p class='ocr_par' dir='ltr' id='par_1_17' title="bbox 341 2477 880 2613">
     <span class='ocr_line' id='line_1_29' title="bbox 341 2477 880 2548; baseline 0 -17"><span class='ocrx_word' id='word_1_123' title='bbox 341 2477 440 2532; x_wconf 88' lang='lat' dir='ltr'>Fidem</span> <span class='ocrx_word' id='word_1_124' title='bbox 459 2479 573 2532; x_wconf 84' lang='lat' dir='ltr'>sinistra</span> <span class='ocrx_word' id='word_1_125' title='bbox 592 2481 709 2548; x_wconf 82' lang='lat' dir='ltr'>quassat</span> <span class='ocrx_word' id='word_1_126' title='bbox 726 2478 880 2533; x_wconf 90' lang='lat' dir='ltr'>obstinatio</span> 
     </span>
     <span class='ocr_line' id='line_1_30' title="bbox 413 2558 788 2613; baseline 0.003 -2"><span class='ocrx_word' id='word_1_127' title='bbox 413 2558 491 2612; x_wconf 81' lang='lat' dir='ltr'>Felix</span> <span class='ocrx_word' id='word_1_128' title='bbox 510 2575 634 2613; x_wconf 83' lang='lat' dir='ltr'>errorum</span> <span class='ocrx_word' id='word_1_129' title='bbox 652 2575 708 2613; x_wconf 89' lang='lat' dir='ltr'>non</span> <span class='ocrx_word' id='word_1_130' title='bbox 728 2559 788 2612; x_wconf 88' lang='lat' dir='ltr'>diu:</span> 
     </span>
    </p>

    <p class='ocr_par' dir='ltr' id='par_1_18' title="bbox 341 2637 968 2867">
     <span class='ocr_line' id='line_1_31' title="bbox 341 2637 968 2704; baseline 0.002 -14"><span class='ocrx_word' id='word_1_131' title='bbox 341 2637 402 2693; x_wconf 90' lang='lat' dir='ltr'>Hoc</span> <span class='ocrx_word' id='word_1_132' title='bbox 421 2639 458 2692; x_wconf 89' lang='lat' dir='ltr'>ad</span> <span class='ocrx_word' id='word_1_133' title='bbox 477 2638 597 2693; x_wconf 82' lang='lat' dir='ltr'>salutem</span> <span class='ocrx_word' id='word_1_134' title='bbox 615 2656 717 2694; x_wconf 90' lang='lat' dir='ltr'>nomen</span> <span class='ocrx_word' id='word_1_135' title='bbox 736 2638 865 2692; x_wconf 88' lang='lat' dir='ltr'>auditum</span> <span class='ocrx_word' id='word_1_136' title='bbox 883 2637 968 2704; x_wconf 83' lang='lat' dir='ltr'>venit,</span> 
     </span>
     <span class='ocr_line' id='line_1_32' title="bbox 412 2717 878 2788; baseline 0 -16"><span class='ocrx_word' id='word_1_137' title='bbox 412 2717 473 2773; x_wconf 92' lang='lat' dir='ltr'>Hoc</span> <span class='ocrx_word' id='word_1_138' title='bbox 491 2735 573 2773; x_wconf 91' lang='lat' dir='ltr'>omne</span> <span class='ocrx_word' id='word_1_139' title='bbox 591 2719 669 2772; x_wconf 86' lang='lat' dir='ltr'>tollit</span> <span class='ocrx_word' id='word_1_140' title='bbox 686 2719 878 2788; x_wconf 82' lang='lat' dir='ltr'>pharmacum.</span> 
     </span>
     <span class='ocr_line' id='line_1_33' title="bbox 343 2798 953 2867; baseline -0.002 -14"><span class='ocrx_word' id='word_1_141' title='bbox 343 2798 462 2854; x_wconf 84' lang='lat' dir='ltr'>Obsessa</span> <span class='ocrx_word' id='word_1_142' title='bbox 480 2799 607 2853; x_wconf 87' lang='lat' dir='ltr'>membra</span> <span class='ocrx_word' id='word_1_143' title='bbox 625 2799 797 2867; x_wconf 87' lang='lat' dir='ltr'>spiritusque</span> <span class='ocrx_word' id='word_1_144' title='bbox 816 2799 953 2854; x_wconf 86' lang='lat' dir='ltr'>daemone</span> 
     </span>
    </p>

    <p class='ocr_par' dir='ltr' id='par_1_19' title="bbox 412 2879 746 2949">
     <span class='ocr_line' id='line_1_34' title="bbox 412 2879 746 2949; baseline -0.006 -15"><span class='ocrx_word' id='word_1_145' title='bbox 412 2880 537 2934; x_wconf 83' lang='lat' dir='ltr'>Vexatns</span> <span class='ocrx_word' id='word_1_146' title='bbox 555 2879 746 2949; x_wconf 86' lang='lat' dir='ltr'>impurissimo</span> 
     </span>
    </p>
   </div>
   <div class='ocr_carea' id='block_1_3' title="bbox 199 3092 1163 3591">
    <p class='ocr_par' dir='ltr' id='par_1_20' title="bbox 199 3092 1163 3591">
     <span class='ocr_line' id='line_1_35' title="bbox 272 3092 1071 3164; baseline 0.003 -18"><span class='ocrx_word' id='word_1_147' title='bbox 272 3100 304 3148; x_wconf 90' lang='lat'>11</span> <span class='ocrx_word' id='word_1_148' title='bbox 324 3093 389 3147; x_wconf 81' lang='lat' dir='ltr'>Elin</span> <span class='ocrx_word' id='word_1_149' title='bbox 407 3093 454 3148; x_wconf 92' lang='lat' dir='ltr'>uel</span> <span class='ocrx_word' id='word_1_150' title='bbox 473 3096 488 3149; x_wconf 86' lang='lat' dir='ltr'>b</span> <span class='ocrx_word' id='word_1_151' title='bbox 525 3092 646 3164; x_wconf 64' lang='lat' dir='ltr'>Elinque</span> <span class='ocrx_word' id='word_1_152' title='bbox 665 3095 756 3149; x_wconf 83' lang='lat' dir='ltr'>Barth</span> <span class='ocrx_word' id='word_1_153' title='bbox 786 3092 886 3163; x_wconf 82' lang='lat' dir='ltr'>Chelys</span> <span class='ocrx_word' id='word_1_154' title='bbox 905 3093 951 3147; x_wconf 87' lang='lat' dir='ltr'>vel</span> <span class='ocrx_word' id='word_1_155' title='bbox 969 3094 1071 3148; x_wconf 79' lang='lat' dir='ltr'>Hartel</span> 
     </span>
     <span class='ocr_line' id='line_1_36' title="bbox 201 3161 1163 3234; baseline 0.001 -15"><span class='ocrx_word' id='word_1_156' title='bbox 201 3171 314 3219; x_wconf 75' lang='lat'><strong>17-32</strong></span> <span class='ocrx_word' id='word_1_157' title='bbox 336 3167 482 3220; x_wconf 77' lang='lat' dir='ltr'>enuntiata</span> <span class='ocrx_word' id='word_1_158' title='bbox 513 3167 712 3234; x_wconf 76' lang='lat' dir='ltr'>iuterropate&#39;va</span> <span class='ocrx_word' id='word_1_159' title='bbox 739 3161 822 3233; x_wconf 75' lang='lat' dir='ltr'>ponit</span> <span class='ocrx_word' id='word_1_160' title='bbox 853 3166 958 3230; x_wconf 82' lang='lat' dir='ltr'>Barth,</span> <span class='ocrx_word' id='word_1_161' title='bbox 991 3166 1163 3232; x_wconf 76' lang='lat' dir='ltr'>affirmativa</span> 
     </span>
     <span class='ocr_line' id='line_1_37' title="bbox 200 3236 1162 3303; baseline 0.002 -13"><span class='ocrx_word' id='word_1_162' title='bbox 200 3238 308 3292; x_wconf 85' lang='lat' dir='ltr'>Hortel.</span> <span class='ocrx_word' id='word_1_163' title='bbox 407 3242 440 3291; x_wconf 86' lang='lat'>18</span> <span class='ocrx_word' id='word_1_164' title='bbox 459 3237 640 3290; x_wconf 86' lang='lat' dir='ltr'>Peccotcrum</span> <span class='ocrx_word' id='word_1_165' title='bbox 660 3236 684 3303; x_wconf 84' lang='lat' dir='ltr'>b,</span> <span class='ocrx_word' id='word_1_166' title='bbox 703 3253 751 3290; x_wconf 85' lang='lat' dir='ltr'>em.</span> <span class='ocrx_word' id='word_1_167' title='bbox 770 3237 862 3291; x_wconf 76' lang='lat' dir='ltr'>Barth</span> <span class='ocrx_word' id='word_1_168' title='bbox 962 3243 995 3290; x_wconf 85' lang='lat'>19</span> <span class='ocrx_word' id='word_1_169' title='bbox 1014 3237 1124 3290; x_wconf 87' lang='lat' dir='ltr'>uiscera</span> <span class='ocrx_word' id='word_1_170' title='bbox 1138 3239 1162 3303; x_wconf 84' lang='lat' dir='ltr'>b,</span> 
     </span>
     <span class='ocr_line' id='line_1_38' title="bbox 199 3307 1163 3377; baseline -0.001 -15"><span class='ocrx_word' id='word_1_171' title='bbox 199 3325 247 3362; x_wconf 86' lang='lat' dir='ltr'>em.</span> <span class='ocrx_word' id='word_1_172' title='bbox 262 3309 411 3362; x_wconf 77' lang='lat' dir='ltr'>Buecheler</span> <span class='ocrx_word' id='word_1_173' title='bbox 475 3313 507 3360; x_wconf 77' lang='lat'>22</span> <span class='ocrx_word' id='word_1_174' title='bbox 527 3323 626 3377; x_wconf 85' lang='lat' dir='ltr'>cogere</span> <span class='ocrx_word' id='word_1_175' title='bbox 641 3308 664 3372; x_wconf 83' lang='lat' dir='ltr'>b,</span> <span class='ocrx_word' id='word_1_176' title='bbox 685 3307 780 3377; x_wconf 81' lang='lat' dir='ltr'>cogier</span> <span class='ocrx_word' id='word_1_177' title='bbox 793 3308 941 3362; x_wconf 80' lang='lat' dir='ltr'>Buecheler</span> <span class='ocrx_word' id='word_1_178' title='bbox 1013 3313 1046 3360; x_wconf 72' lang='lat'>23</span> <span class='ocrx_word' id='word_1_179' title='bbox 1065 3307 1163 3361; x_wconf 85' lang='lat' dir='ltr'>haurit</span> 
     </span>
     <span class='ocr_line' id='line_1_39' title="bbox 200 3378 1162 3434; baseline 0.001 -2"><span class='ocrx_word' id='word_1_180' title='bbox 200 3380 301 3434; x_wconf 78' lang='lat' dir='ltr'>Zieheh</span> <span class='ocrx_word' id='word_1_181' title='bbox 337 3379 466 3433; x_wconf 84' lang='lat' dir='ltr'>horretb</span> <span class='ocrx_word' id='word_1_182' title='bbox 503 3379 584 3432; x_wconf 88' lang='lat' dir='ltr'>ardet</span> <span class='ocrx_word' id='word_1_183' title='bbox 598 3378 711 3433; x_wconf 78' lang='lat' dir='ltr'>Lebrua</span> <span class='ocrx_word' id='word_1_184' title='bbox 748 3379 842 3433; x_wconf 89' lang='lat' dir='ltr'>sorbet</span> <span class='ocrx_word' id='word_1_185' title='bbox 857 3380 958 3434; x_wconf 75' lang='lat' dir='ltr'>Hmtel</span> <span class='ocrx_word' id='word_1_186' title='bbox 1029 3385 1062 3433; x_wconf 79' lang='lat'>32</span> <span class='ocrx_word' id='word_1_187' title='bbox 1082 3378 1162 3433; x_wconf 85' lang='lat' dir='ltr'>Felix</span> 
     </span>
     <span class='ocr_line' id='line_1_40' title="bbox 200 3449 1162 3520; baseline 0.002 -18"><span class='ocrx_word' id='word_1_188' title='bbox 200 3465 325 3504; x_wconf 87' lang='lat' dir='ltr'>errorum</span> <span class='ocrx_word' id='word_1_189' title='bbox 344 3452 435 3506; x_wconf 79' lang='lat' dir='ltr'>Barth</span> <span class='ocrx_word' id='word_1_190' title='bbox 471 3449 550 3504; x_wconf 87' lang='lat' dir='ltr'>Felix</span> <span class='ocrx_word' id='word_1_191' title='bbox 568 3451 597 3520; x_wconf 78' lang='lat' dir='ltr'>(t,</span> <span class='ocrx_word' id='word_1_192' title='bbox 613 3467 633 3503; x_wconf 92' lang='lat' dir='ltr'>e.</span> <span class='ocrx_word' id='word_1_193' title='bbox 650 3451 721 3519; x_wconf 69' lang='lat' dir='ltr'>filie)</span> <span class='ocrx_word' id='word_1_194' title='bbox 740 3466 860 3519; x_wconf 82' lang='lat' dir='ltr'>reorum,</span> <span class='ocrx_word' id='word_1_195' title='bbox 886 3451 996 3518; x_wconf 71' lang='grc' dir='ltr'>Παντεῖ,</span> <span class='ocrx_word' id='word_1_196' title='bbox 1020 3457 1084 3519; x_wconf 80' lang='lat' dir='ltr'>post</span> <span class='ocrx_word' id='word_1_197' title='bbox 1101 3467 1162 3504; x_wconf 89' lang='lat' dir='ltr'>reo-</span> 
     </span>
     <span class='ocr_line' id='line_1_41' title="bbox 199 3524 483 3591; baseline 0.004 -18"><span class='ocrx_word' id='word_1_198' title='bbox 199 3538 262 3574; x_wconf 88' lang='lat' dir='ltr'>rum</span> <span class='ocrx_word' id='word_1_199' title='bbox 280 3524 483 3591; x_wconf 74' lang='lat' dir='ltr'>interpempeas.</span> 
     </span>
    </p>
   </div>
   <div class='ocr_carea' id='block_1_4' title="bbox 0 0 1301 3922">
    <p class='ocr_par' dir='ltr' id='par_1_21' title="bbox 0 0 1301 3922">
     <span class='ocr_line' id='line_1_42' title="bbox 0 0 1301 3922; baseline 0 0"><span class='ocrx_word' id='word_1_200' title='bbox 0 0 1301 3922; x_wconf 95' lang='lat' dir='ltr'> </span> 
     </span>
    </p>
   </div>
  </div>
 </body>
</html>
