2586 3922
374 277 564 345 dores-14.
591 277 784 346 ogere-ers,
796 293 847 333 1-e
1026 274 1092 338 365

201 438 247 492 Sic
265 455 405 507 nusquam
424 437 554 493 immensi
573 438 709 492 terminus
729 437 834 492 Oceani
853 439 903 492 est.

5 581 6 584 Ἴ
126 518 182 572 Hic
201 518 296 572 oculos
315 518 405 589 igitur
422 535 515 573 rerum
534 520 565 572 in
583 518 738 588 primordie
756 518 856 585 mittis,

83 618 112 656 so
200 598 353 668 Exspirant
372 615 468 656 omnes
487 598 534 654 hic
553 600 663 654 numeri
681 602 767 668 atque
785 601 882 653 notes:
1018 667 1020 672 Ι

128 679 264 733 Nascitur
281 679 348 732 hinc
366 680 502 748 quicquid
520 679 640 734 moritur
656 682 787 748 retroque
806 677 926 745 recedit;

199 758 262 813 Huc
280 759 364 826 redit,
383 762 496 814 aeterno
515 759 652 828 quicquid
670 760 701 813 in
720 760 787 814 orbe
805 759 887 828 perit.

127 838 189 892 Hoc
207 839 323 907 perimit
340 840 467 894 flammas
487 840 666 906 elementum,
685 839 738 893 alit
756 843 855 894 evocat
873 839 968 908 suget,

200 917 297 972 Omnis
316 919 398 974 abest
417 920 530 989 sapiens
549 936 621 988 eque
640 920 759 975 Thalete
777 919 895 990 procul.'

5 1153 8 1250 l
579 1155 645 1219 943
993 1187 1019 1224 e.
1035 1185 1066 1224 nr.
1080 1185 1106 1224 Β.
1121 1204 1148 1213 -

126 1275 226 1330 Collisi
245 1275 332 1330 silicis
352 1276 501 1345 chalybem
520 1277 599 1349 vigor
616 1278 700 1348 urget
717 1277 748 1329 in
766 1267 862 1346 ignem

200 1355 237 1409 Et
255 1356 396 1410 flammam
415 1357 490 1412 inter
508 1373 537 1412 se
556 1373 661 1426 quassa
679 1356 797 1411 metelle
814 1358 939 1410 vomunt.

127 1435 253 1490 Durities
272 1436 347 1490 vitae
365 1436 552 1506 fortunaeque
570 1437 701 1506 improba
718 1437 807 1498 umus

199 1516 296 1570 Vitam
315 1518 496 1572 emendantes
516 1517 570 1571 scit
588 1532 723 1588 generare
742 1533 847 1586 preces.

97 1615 112 1656 5
129 1595 175 1650 Sic
196 1597 291 1650 anime
309 1597 340 1650 in
358 1597 414 1652 vivi
434 1597 573 1652 scintillas
592 1598 696 1652 emicat
714 1598 798 1668 ignis,

200 1676 237 1729 Et
256 1692 307 1730 sua
325 1676 382 1732 fert
399 1678 463 1732 miti
482 1679 586 1732 demna
605 1677 725 1732 levanda
744 1678 805 1745 deq

128 1756 174 1810 Sic
193 1773 305 1825 quoque
324 1760 443 1812 naturae
462 1761 600 1830 generant
618 1757 760 1812 contrarie
779 1757 879 1825 lucem,

200 1837 327 1892 Pectoris
346 1840 465 1907 pateant
483 1842 515 1892 ut
534 1842 717 1892 monumenta
735 1837 790 1892 dei.

128 1916 174 1971 Sic
193 1917 279 1971 Retio
299 1934 359 1972 sese
378 1920 544 1987 peccantem
563 1919 653 1972 cernit
671 1918 701 1971 in
719 1935 781 1985 usu,

6 2033 7 2050 2
86 2017 113 2057 ro
200 1997 341 2053 Admonet
360 2001 389 2053 et
408 2000 502 2069 superi
520 1998 569 2051 lux
587 1999 713 2068 periture
731 1998 798 2067 poli.

580 2215 646 2302 944

128 2336 252 2390 Fortiter
269 2337 300 2390 in
317 2337 377 2392 vita
395 2340 515 2392 mortem
533 2339 712 2392 contemnere
731 2337 848 2403 iactant,

202 2416 276 2482 Quos
295 2416 420 2471 Fortuna
439 2417 495 2471 suis
514 2417 725 2486 pulverulentat
743 2417 831 2484 equis,

128 2496 167 2550 At
186 2497 288 2564 quibus
308 2497 374 2551 alba
393 2498 453 2551 dies
471 2497 600 2566 procedit
616 2498 731 2552 tramite
749 2497 834 2563 laeto,

201 2576 319 2631 Dulcius
338 2577 471 2632 aetherea
490 2577 531 2631 nil
549 2576 604 2631 sibi
622 2577 685 2632 luce
704 2576 806 2631 ferunt.

100 2655 233 2714 somnia
252 2658 301 2711 sed
319 2673 421 2726 passae
440 2674 514 2711 nuuc
532 2658 595 2724 hoo,
614 2674 688 2711 nunc
706 2661 833 2725 tempore
851 2657 881 2710 in
900 2655 959 2724 illo,

124 2779 126 2782 .
203 2736 349 2791 Communi
368 2753 482 2806 superos
501 2755 580 2792 mens
598 2754 681 2806 prece
700 2740 802 2791 cuncta
820 2737 900 2806 petit.

130 2816 272 2886 Quicquid
291 2818 321 2870 in
339 2817 464 2887 hospitio
484 2817 617 2872 succedet
636 2817 759 2887 corporis
779 2817 843 2884 isto,

202 2896 298 2952 Sidere
316 2897 362 2951 vel
379 2899 454 2951 retro
473 2899 538 2951 vota
557 2897 664 2951 ferente
684 2896 776 2951 cadet.

129 2977 221 3032 Vnius
241 2977 359 3031 ambitio
378 2995 434 3031 non
454 2980 497 3032 est
516 2976 628 3046 expleta
647 2979 784 3045 senectae,

203 3169 236 3218 13
255 3164 313 3218 Hec
333 3166 357 3220 b.
393 3182 462 3219 uum
480 3165 599 3218 educet?

202 3268 271 3325 943.
304 3272 412 3326 Aeneas
432 3270 558 3326 Gazaens
577 3271 619 3324 ed.
640 3270 668 3325 Ο.
688 3271 776 3325 Barth
803 3276 871 3324 1655
890 3288 917 3339 p.
934 3275 997 3325 102:
1027 3269 1093 3324 ‘Ex-
1169 3235 1175 3244 .

128 3345 188 3397 stet
206 3343 237 3396 in
255 3342 366 3396 schedis
384 3342 526 3397 veteribus
546 3343 622 3412 apud
640 3361 691 3396 nos
710 3343 884 3413 epigramma
902 3342 1000 3396 istud.
1017 3384 1022 3396 .
1039 3343 1056 3396 .’

203 3446 273 3503 944.
305 3449 413 3503 Aeness
437 3448 561 3503 Gazaeus
590 3448 633 3503 ed.
654 3448 681 3503 C.
701 3449 789 3502 Barth
811 3454 880 3504 1655
899 3467 925 3518 p.
943 3454 992 3502 121
1023 3448 1092 3502 ‘Me-

130 3521 200 3573 mini
217 3519 320 3574 veteris
339 3523 441 3590 poetae
458 3521 602 3575 Drosithei
620 3519 664 3573 vel
682 3520 818 3575 Dorothei
843 3521 897 3574 hoc
920 3520 1093 3590 epigramma

129 3593 233 3663 legere,
252 3591 388 3647 hactenus
408 3591 523 3660 quidem
542 3590 704 3657 ἀνέκδοτον,
719 3591 850 3659 qualibus
865 3594 976 3646 scatent
990 3591 1093 3646 scrinia

129 3667 290 3718 nostrarum
308 3663 413 3732 opum.'
488 3669 504 3716 5
524 3664 602 3718 Num
620 3663 744 3732 possim?
