2586 3922
499 150 527 205 O.
543 156 604 217 928,
614 166 694 206 or-rc

263 311 332 378 Hoc,
350 311 404 366 hoc
421 310 560 366 medelam
579 311 735 366 sortiuntur
752 311 866 366 nomine

334 392 522 461 Redeuntque
541 409 651 446 sursum
670 391 706 445 ab
724 391 822 446 inferis

265 471 386 526 Cantata
404 472 465 527 diro
485 473 618 538 carmine,
636 475 666 526 et
684 472 774 527 bustis
793 489 861 526 sono

334 552 443 608 Devota
461 569 530 623 sago
549 569 666 623 corpora

264 633 329 688 Vim
348 632 510 704 colligentis
529 633 666 703 perfidam
686 633 833 688 excutiunt
850 633 906 686 luis

336 713 373 768 Et
392 730 461 768 sena
479 717 626 769 vertuntur
645 715 766 768 domum.

265 793 407 865 Compago
426 811 510 862 quern
529 795 622 849 soluta
640 795 819 850 membratim
836 795 916 850 iubet

337 875 422 930 Lecto
442 875 540 930 sedere
558 874 690 942 debilem,
1012 943 1014 947 Ι

266 954 353 1019 Quem
373 955 504 1022 caecitas,
523 972 591 1010 crux
610 956 735 1009 omnium
753 956 920 1024 miserrima,

336 1035 455 1088 Addixit
473 1035 566 1090 alieno
585 1036 660 1105 pedi,

265 1115 391 1184 Vtroque
409 1115 543 1170 claudum
561 1131 645 1184 quem
663 1116 758 1171 venire
775 1117 885 1186 poplite

336 1195 423 1250 Videt
440 1195 570 1251 universa
589 1196 698 1264 civitas,

267 1276 329 1330 Suis
347 1277 440 1331 redire
457 1276 600 1348 gressibus
619 1277 734 1331 domum
752 1278 860 1344 queunt

337 1356 447 1412 Nomen
466 1357 640 1412 celebrantes
660 1357 715 1412 dei.

268 1436 357 1502 Salve,
377 1454 393 1492 o
411 1437 514 1507 Apollo
532 1454 604 1504 vere,
623 1438 718 1493 Paean
736 1437 842 1502 inclite,

337 1517 437 1573 Pulsor
455 1519 584 1573 draconis
602 1519 698 1574 inferi!

266 1597 364 1653 Dulcis
382 1598 426 1652 tui
444 1599 579 1668 pharetra
597 1599 760 1666 testimonii,

338 1679 419 1744 Quod
437 1681 573 1747 quattuor
591 1681 703 1735 constet
721 1680 796 1745 viris,

268 1759 379 1830 Sagitta
397 1759 482 1814 melle
500 1759 620 1814 tinctilis
638 1761 813 1829 prophetico,

337 1839 459 1894 Pinnata
476 1843 590 1910 patrum
608 1841 741 1907 oraculis3

267 1919 355 1974 Arcus
374 1923 510 1989 paternae
528 1920 604 1974 forte
620 1921 733 1976 virtutis
752 1937 862 1988 sonans,

338 2000 483 2055 Miraculis
501 2017 602 2056 nervus
620 2003 729 2070 potens,

268 2080 397 2137 stravere
414 2083 539 2136 veterem
557 2085 648 2141 morte
666 2083 824 2151 serpentem
843 2099 901 2135 sua.

338 2162 369 2216 Io
387 2162 530 2230 triumphe
548 2162 663 2216 nobilis!

269 2241 352 2298 Salve
369 2242 455 2297 beata
473 2242 579 2297 saeculi
597 2242 724 2308 victoria,

339 2322 443 2377 Parcus
462 2321 539 2377 beati
558 2323 705 2392 temporis!

269 2401 359 2470 Salve,
378 2404 454 2472 quod
473 2420 569 2458 omnes
588 2403 697 2471 coelici,
716 2405 811 2471 medii,
830 2404 914 2458 inferi

339 2483 450 2539 Nomen
468 2501 543 2554 genu
561 2483 632 2539 flexo
652 2485 780 2539 audiunt.

270 2563 352 2619 Salve
369 2582 441 2618 unus
459 2582 532 2618 unus
550 2582 623 2618 unus
641 2565 672 2618 iu
689 2566 764 2619 trino
783 2565 861 2634 deus,

341 2643 423 2700 Salve
440 2663 497 2698 uua
514 2644 545 2698 in
563 2663 620 2700 uno
638 2646 760 2700 trinitas.

270 2723 347 2778 Haec
366 2724 415 2777 lux
433 2725 491 2779 Eoo
511 2743 575 2779 cum
594 2725 688 2780 levata
706 2726 821 2780 cardine

341 2805 398 2860 Iter
416 2806 548 2859 diurnum
567 2807 694 2876 suscipit,

269 2885 355 2953 Haec,
375 2903 438 2940 cum
457 2886 603 2941 occidente
622 2887 664 2941 sol
682 2887 759 2941 subit
778 2905 861 2941 curru
878 2887 991 2955 fretum,

341 2966 506 3021 Benedictio
525 2984 570 3022 me
589 2971 743 3031 consecrat,

272 3045 406 3102 Crucifixe
425 3049 523 3115 victor,
542 3049 670 3124 expiator
688 3048 836 3102 criminum

341 3127 374 3182 In
391 3131 483 3183 morte
501 3129 560 3181 vita
578 3131 765 3198 praepotens„

271 3208 328 3263 Fac
347 3225 411 3262 cum
430 3225 559 3278 supremo
578 3210 729 3264 sevocabor
747 3212 881 3279 tempore,

342 3289 386 3343 Ab
405 3288 505 3343 obruto
524 3289 607 3344 malis
626 3290 696 3344 chao

273 3369 416 3424 Traducat
433 3370 490 3425 ista
508 3387 553 3425 mc
572 3370 627 3424 tibi
645 3370 815 3439 benedictio,

202 3535 243 3582 53.
265 3535 298 3583 55
317 3529 368 3601 ph]
387 3529 433 3586 fo
507 3536 538 3584 61
560 3531 696 3588 seculisb
770 3537 803 3586 70
822 3550 887 3586 cain
908 3534 1069 3586 consecret?
