2594 3920
574 227 602 282 O.
619 233 759 282 511-516

635 391 699 457 511

578 497 753 564 VITALIS

182 627 304 688 Mantua
327 630 369 688 mi
392 629 487 706 patria
511 635 564 706 est,
588 646 697 688 noman
721 627 811 706 Maro,
836 630 967 688 carmina
991 627 1082 688 silvae

251 715 390 796 Ruraque
414 736 482 777 aum
505 716 600 795 bellis,
623 716 810 796 Parthenope
833 717 973 776 tumulus.

636 871 701 938 512

588 978 750 1044 BASILII

184 1089 243 1162 Qui
267 1091 354 1152 silvas
378 1099 409 1151 et
432 1108 519 1170 agros
543 1098 573 1152 et
596 1090 707 1170 proelia
731 1090 868 1152 versibus
892 1100 985 1170 ornat,

252 1179 327 1240 Male
351 1179 406 1240 suh
430 1179 586 1241 haesitas
610 1190 668 1240 est:
692 1198 763 1241 aeae
786 1188 873 1260 poeta
896 1181 985 1240 Maro.

637 1335 702 1402 513

575 1443 760 1508 ASMENH

185 1571 341 1632 Pastorum
364 1580 446 1632 vates
471 1591 525 1651 ego
550 1591 624 1651 sum,
649 1575 698 1632 cui
721 1591 791 1632 rura
816 1573 965 1651 ducesque

253 1660 390 1721 Carmina
415 1669 492 1722 suna.
538 1662 588 1722 hia
611 1680 658 1722 me
682 1664 794 1740 pressit
816 1661 924 1722 acerba
947 1664 1041 1741 quies.

635 1817 702 1883 514
809 1788 813 1796 ’

569 1923 761 1990 VOMANH

185 2053 209 2112 Α
233 2053 314 2112 silvis
338 2053 375 2113 ad
398 2071 493 2132 agros
516 2053 553 2113 ab
577 2056 656 2132 agris
680 2053 717 2113 ad
740 2053 853 2133 proelia
876 2057 959 2114 venit

252 2141 335 2202 Musa
358 2142 496 2203 Maroneo
520 2142 629 2203 nobilis
652 2144 780 2221 ingenio.

547 2297 792 2471 EVPfallgRBll

185 2533 325 2595 Bucolica
350 2536 484 2612 expressi
508 2542 538 2595 et
560 2537 640 2595 ruris
664 2544 821 2615 praecepta
845 2535 970 2614 colendi,

253 2622 318 2682 Max
343 2624 439 2683 cecini
462 2642 585 2703 pugnas.
631 2633 767 2685 mortuus
790 2625 840 2685 hic
863 2624 971 2685 habito.

637 2781 702 2845 516

581 2885 755 2954 IVLIANI

185 2995 241 3056 Hic
266 2996 330 3058 data
355 2996 484 3075 Vergilio
508 3001 636 3076 requies
660 3001 711 3077 qui
735 3001 866 3059 carmine
891 2997 969 3058 dulci

253 3085 291 3146 Et
312 3086 392 3147 Pana
415 3094 445 3146 et
468 3094 585 3164 segetes
608 3095 638 3148 et
661 3088 722 3148 fera
745 3087 822 3148 bella
846 3090 933 3147 canit

258 3222 543 3278 511.1estom.P

258 3292 327 3348 512.
348 3299 361 3350 1
382 3292 491 3362 praelia
511 3294 564 3348 OB
582 3295 693 3362 saepius
765 3298 780 3346 2
801 3309 834 3346 aa
858 3294 883 3346 V

259 3363 328 3421 515.
347 3371 363 3418 2
383 3381 484 3419 acerna
506 3366 562 3420 am.
574 3383 618 3434 pr.
645 3365 700 3418 VP

259 3434 492 3492 514.1ueni0

259 3541 328 3599 515.
347 3525 479 3604 Βὸωϋοα
498 3545 525 3597 Ρ
550 3541 683 3596 Bucolica
702 3545 729 3598 B
767 3543 904 3611 expressit
922 3546 951 3597 et
973 3544 998 3596 Τ

259 3613 328 3670 516.
348 3621 361 3668 1
381 3613 467 3684 uargl
490 3614 516 3668 V
550 3613 673 3668 earmina
695 3613 720 3666 Τ
