2586 3922
541 247 569 303 Ο,
586 253 725 302 914-917
1052 247 1117 312 343

610 501 675 566 9Μ
897 557 902 566 ,
1020 516 1175 556 nun-

159 629 224 690 Ncn
248 631 305 691 luit
327 629 500 690 Arsacidum
524 631 598 690 tanti
613 647 791 712 'expugnare
816 628 960 689 Seleucen

225 719 356 798 ltalaque
380 719 474 779 Vltori
497 721 581 797 signe
604 718 717 779 referre
740 718 809 797 lovi,

158 807 195 868 Vt
218 807 366 869 desiderio
389 799 485 868 nostri
509 826 638 886 curaque
662 807 783 886 Lycoris

225 897 290 958 Heu
314 900 409 959 iaceat
430 915 549 958 menses
571 915 666 976 paene
690 897 805 976 sepulta
828 914 933 957 novem

158 1076 258 1154 Pingit
281 1083 310 1135 et
335 1075 493 1155 Euphratis
517 1083 673 1135 currentes
695 1074 813 1135 mollius
836 1075 931 1134 undas

226 1165 429 1244 victricesque
454 1164 567 1244 aquilas
592 1164 646 1223 sub
672 1163 745 1223 duce
770 1164 915 1241 Ventidio,

116 1273 143 1312 aa
158 1253 216 1324 Qui
240 1273 334 1314 nunc
358 1253 532 1314 Crassorum
556 1271 657 1312 manes
682 1252 855 1332 direptaque
880 1255 964 1330 signa

226 1343 361 1403 Vindicat
383 1344 508 1422 Augusti
532 1341 667 1402 Caesaris
691 1343 831 1420 auspiciis
854 1358 918 1420 sqq.

609 1571 674 1636 9&
980 1535 1174 1626 'sun-

158 1699 300 1761 Oecurris
325 1719 392 1761 cum
415 1718 501 1760 mene
525 1700 607 1778 mihi,
631 1702 663 1759 ni
686 1701 790 1779 purior
812 1701 875 1778 ipsa
900 1717 961 1777 sqq.

609 1927 674 1992 uc
988 1962 1018 2001 u.
1033 1907 1173 2002 latiiii

265 2104 273 2119 .
320 2103 327 2117 .
373 2059 477 2116 matris
501 2075 584 2116 amor
608 2055 805 2136 deliciumque
829 2075 929 2118 meum
952 2074 1014 2135 sqq.

608 2285 671 2348 917
986 2265 1173 2361 uiuiiii

158 2414 301 2476 Subrides
325 2417 359 2493 si,
383 2417 473 2493 virgo,
498 2415 577 2475 iaces
599 2385 739 2474 iocularis
762 2414 864 2475 ocellis
886 2431 949 2495 sqq.

229 2638 395 2696 ali-917.
428 2640 477 2695 Ed
518 2657 559 2708 pr.
588 2641 679 2695 Aldus
712 2641 862 2694 Manutius
895 2658 920 2694 u.
946 2644 1027 2706 1590;
1061 2636 1119 2692 914

156 2711 1119 2778 -ffldwmmcwlwmwawssuffiwoemw

158 2777 332 2852 Antiquituti
348 2789 418 2838 recte
440 2801 501 2839 cum
520 2784 658 2853 Scaiiqere
680 2782 852 2837 abiudicavit
868 2783 946 2836 Aem.
967 2781 1120 2848 Cliutelaiu,

158 2856 250 2910 Reuue
264 2855 296 2910 de
310 2856 403 2922 philol.
417 2856 468 2909 IV
478 2859 512 2906 69
522 2872 577 2923 sqq.
617 2853 696 2923 Quod
713 2854 781 2907 satis
798 2870 930 2922 sciuerque
949 2858 1010 2919 914,
1021 2858 1054 2906 54
1064 2869 1118 2921 sqq.

158 2926 367 2982 demonstratur.
404 2925 513 2980 Scilicet
541 2925 684 2979 Ventidius
713 2923 817 2977 ‘Crassi
849 2925 916 2994 (nou
949 2925 1119 2992 Graecorum)

157 2998 265 3051 menes'
290 3004 322 3051 ut
349 2999 391 3051 uit
414 2997 474 3050 Vai.
495 2997 575 3051 Max.
596 2997 641 3049 VI
656 3003 680 3062 9,
691 3000 716 3062 9,
734 2996 888 3050 vindicavit
908 2997 992 3050 aunis
1010 3014 1036 3050 a.
1058 2995 1118 3049 Clu.

157 3073 191 3122 39
202 3074 227 3122 et
237 3073 279 3136 38,
298 3068 422 3138 Augusti
434 3085 532 3122 nomeu
545 3069 646 3123 Caesar
660 3069 766 3121 decium
780 3085 804 3120 u.
817 3072 850 3120 27
866 3070 981 3135 accepit:
1000 3074 1120 3122 uiiuuzeu

157 3140 247 3194 eodem
265 3146 381 3208 tempore
399 3140 519 3208 (inunc')
538 3147 682 3208 utrumque
700 3155 753 3192 esse
771 3139 885 3193 simulat
900 3146 1033 3207 peetu—
1045 3136 1119 3190 Gelli

157 3212 258 3279 poetae
278 3210 427 3264 clarissimi
448 3210 539 3280 elegia
557 3211 587 3263 in
616 3210 733 3278 antiquo
753 3208 846 3264 Ovidii
874 3209 971 3264 codiee
998 3211 1118 3278 reperis,

158 3281 209 3335 sed
227 3281 324 3334 multis
338 3283 368 3335 in
387 3281 456 3335 locis
471 3297 489 3335 a
506 3281 592 3336 tineis
612 3283 743 3351 corrupta
754 3283 782 3350 (t)
802 3282 858 3336 cod.
878 3281 949 3336 Veli.
965 3282 1003 3334 ad
1020 3298 1042 3336 c.
1057 3286 1117 3334 914.

163 3353 241 3407 Unde
259 3352 351 3406 Asinii
370 3351 492 3407 Cornelii
511 3351 585 3406 Gelli
605 3355 685 3407 Mau.
702 3385 735 3393 -
750 3353 869 3424 Veryilio
886 3353 984 3407 Ouidio
999 3353 1119 3407 Horatio

160 3424 263 3479 Catulli
281 3441 302 3478 c.
318 3429 352 3477 66
379 3426 513 3494 (antiquis
531 3427 695 3493 telesperidus
717 3426 766 3480 uix
787 3427 861 3494 uoto)
890 3431 915 3480 et
932 3427 1051 3479 niaxime
1073 3424 1119 3477 Ti-

158 3495 231 3550 bulle
250 3511 307 3548 itou
325 3498 422 3550 inscite
439 3513 506 3550 usus
524 3503 569 3550 est.
