2586 3922
168 139 232 208 328
565 138 593 194 0.
609 144 670 208 878,
680 154 746 194 c-ao

167 307 341 386 Aequaevus
364 309 482 386 genitor
503 307 687 385 verbumque
710 308 741 367 in
765 309 878 368 semina
901 307 1000 368 lusum

168 396 323 474 virgineos
345 395 479 457 habitare
502 398 586 456 sinus
610 405 640 456 et
662 398 796 474 corporis
820 399 877 457 arti

168 485 258 546 lussit
281 487 358 546 inire
383 487 444 546 vias
467 503 615 564 parvaque
639 487 671 544 in
695 485 765 546 sede
788 487 907 564 morari,

169 573 263 644 Quem
287 574 374 635 sedes
396 593 456 634 non
479 573 539 635 ulla
562 576 649 653 capit,
673 576 724 653 qui
746 575 858 635 lumine
881 577 978 656 primo

169 662 275 723 Vidisti
298 663 440 742 quicquid
463 661 574 724 mundo
597 671 738 724 nascente
762 682 889 742 crearas,
972 731 974 738 ,

168 753 236 831 lpse
259 753 367 832 opifex,
390 771 465 831 opus
488 753 553 831 ipse
576 754 629 831 tui,
653 752 792 830 dignatus
814 755 932 832 iniquas

170 843 280 902 Aetatis
305 843 417 902 sentire
439 843 520 901 vices
544 849 574 901 et
596 844 730 920 corporis
752 843 842 902 huius

169 930 336 991 Dissimiles
359 931 493 1009 perferre
516 930 619 991 modos
642 931 851 1011 hominemque
876 931 984 1010 subire,

169 1019 207 1080 Vt
228 1021 325 1100 possis
349 1028 516 1080 monstrare
541 1019 637 1098 deum,
661 1039 698 1080 ne
721 1020 854 1081 lubricus
879 1039 964 1081 error

170 1108 207 1169 Et
232 1108 354 1187 decepta
379 1108 429 1169 diu
452 1111 519 1168 vani
543 1109 674 1169 sollertia
697 1110 801 1170 mundi

171 1198 295 1258 Pectora
317 1205 377 1258 tam
400 1197 502 1258 multis
526 1200 638 1258 sineret
661 1197 796 1259 mortalia
820 1198 925 1259 saeclis

171 1288 330 1348 Auctorem
354 1289 471 1347 nescire
495 1306 597 1347 suum:
621 1295 650 1347 te
674 1290 793 1348 conscia
815 1295 917 1366 partus

172 1375 265 1437 Mater
288 1383 318 1437 et
336 1378 459 1454 ‚attoniti
480 1375 630 1454 pecudum
653 1394 775 1436 sensere
798 1379 931 1437 timores.

172 1465 214 1525 Te
236 1484 312 1526 nova
335 1465 461 1526 sollicito
484 1465 646 1526 lustrantes
669 1465 768 1526 sidera
790 1468 857 1526 visu

171 1554 206 1614 ln
230 1555 310 1615 caelo
333 1554 435 1615 videre
458 1556 551 1634 prius,
575 1554 735 1633 lumenque
759 1556 855 1615 secuti

172 1643 316 1704 Invenere
340 1645 427 1722 magi.
473 1650 505 1704 tu
529 1645 616 1704 noxia
639 1652 760 1724 pectora
785 1644 874 1704 solvis

173 1732 354 1812 Elapsusque
378 1735 491 1793 animas
514 1734 545 1791 in
570 1751 692 1812 corpora
717 1734 817 1794 functa
841 1731 960 1794 reducis

174 1821 211 1882 Et
234 1824 322 1883 vitam
346 1840 479 1882 remeare
504 1820 597 1882 iubes,
644 1822 680 1882 tu'
700 1821 764 1900 lege
788 1825 902 1901 recepti

174 1911 305 1972 Muneris
329 1910 366 1971 ad
389 1911 490 1971 Manes
513 1919 653 1990 penetras
676 1913 841 1990 mortisque
865 1911 993 1972 latebras

173 2000 351 2061 Immortalis
375 2000 447 2060 adis.
493 2002 577 2060 nasci
598 1999 654 2060 tibi
676 2018 736 2060 non
760 2001 816 2060 luit
838 2003 891 2061 uni

174 2089 357 2168 Principium
380 2089 508 2166 finisque
532 2090 622 2169 mori3
647 2088 699 2149 sed
721 2097 808 2150 nocte
832 2091 932 2150 relusa

173 2177 207 2237 ln
231 2177 345 2238 caelum
368 2186 541 2257 patremque
566 2177 647 2238 redis
670 2196 835 2257 rursusqua
859 2179 985 2258 perenni

174 2265 285 2327 Ordine
308 2269 442 2347 purgatis
467 2267 572 2327 adimis
596 2269 729 2346 contagia
752 2271 851 2328 terris

174 2356 218 2416 Tu
242 2356 323 2417 solus
347 2359 499 2435 patrisque
524 2374 631 2435 comes,
654 2365 688 2416 tu
712 2358 834 2436 spiritns
858 2359 961 2417 insons

173 2445 212 2506 Et
234 2447 322 2506 toties
345 2464 423 2506 unus
446 2445 617 2524 triplicique
641 2447 672 2505 in
695 2449 816 2506 nomine
839 2445 973 2524 simplex.

241 2533 327 2613 Quid,
350 2536 410 2595 nisi
432 2553 486 2613 pro
511 2536 636 2614 cunctis,
659 2534 739 2594 aliud
762 2537 829 2614 quis
853 2534 976 2595 eredere
999 2535 1097 2614 possit
1281 2601 1282 2608 χ

175 2623 216 2684 Te
240 2626 373 2702 potuisse
396 2626 481 2702 mori,
505 2631 623 2702 poteras
647 2627 699 2702 qui
722 2623 847 2685 reddere
870 2620 983 2684 vitam?
1151 2647 1179 2686 eo
1281 2623 1282 2672 l

246 2819 263 2866 4
280 2813 453 2881 verbumque
471 2813 538 2867 Birt
580 2811 713 2879 verbique
733 2813 784 2868 00
874 2819 889 2864 5
909 2816 984 2866 artus
1007 2812 1029 2866 0

174 2885 363 2939 8ereores0
470 2884 548 2937 esui
566 2884 688 2954 Scaliper
724 2885 767 2936 sui
788 2885 839 2939 00
873 2884 1029 2953 iniquosO

175 2962 209 3010 12
228 2972 324 3025 posses
344 2956 486 3010 Οἰαυενὴιε
558 2961 590 3008 13
610 2955 675 3008 vani
693 2956 828 3010 Heinsius
863 2955 933 3009 varii
952 2955 1066 3009 solertia
1086 2954 1138 3010 00

248 3033 280 3080 15
304 3046 331 3080 n.
356 3027 390 3098 s]
419 3027 524 3080 scivere
552 3026 635 3080 deum
665 3027 688 3081 0
723 3027 814 3095 patris
841 3027 945 3094 Barth,
975 3025 1064 3082 reete?

176 3104 209 3153 tr
228 3098 301 3168 visu]
331 3115 413 3152 cursu
440 3099 505 3153 olim
525 3099 629 3152 emicet
717 3104 750 3151 21
770 3098 865 3152 om.0
900 3097 1068 3166 recoeptiG

176 3175 210 3222 22
228 3170 350 3223 Mundus
370 3171 399 3224 ei
424 3169 504 3223 adO
576 3174 609 3222 23
628 3169 708 3222 nasei
735 3186 784 3224 om.
807 3169 830 3222 0
864 3186 920 3222 non
940 3171 1042 3224 Barth:
1070 3187 1137 3223 nam

177 3242 207 3306 0,
225 3243 336 3294 tautum
354 3241 450 3295 nonO
509 3245 543 3292 24
561 3240 658 3292 finisve
675 3241 698 3294 0
724 3240 838 3309 repulsa
852 3241 1000 3295 Buecheler
1026 3239 1137 3293 refusus

180 3312 298 3366 Vollmer
370 3317 404 3364 25
423 3311 455 3364 ln
480 3327 502 3365 c.
527 3312 564 3363 ad
581 3314 693 3379 patrem
712 3311 868 3365 seandisO
903 3311 936 3364 In
964 3328 986 3365 o.
1015 3314 1137 3380 patrem-

177 3399 231 3449 que
251 3382 371 3438 rodisO
446 3386 479 3434 27
498 3381 593 3435 insons
612 3383 631 3435 i.
651 3399 670 3435 e.
690 3383 821 3452 sanctos]
840 3383 917 3435 idem
935 3383 1003 3436 Birt
1038 3383 1137 3453 ingens

181 3454 297 3508 Vollmer
334 3453 484 3521 spirituum
498 3452 560 3505 fons
580 3454 671 3506 Barth
726 3457 759 3506 29
779 3453 846 3518 Quis
869 3454 898 3508 0.
937 3453 1033 3508 Multo
1050 3455 1138 3508 deesse

172 3525 284 3593 potavit
303 3524 425 3594 Scaliper
