2582 3924
175 203 241 266 274
429 202 458 257 0.
474 208 533 269 ror,
547 217 607 256 e-a.
636 201 664 256 c.
681 206 841 268 ree-798⁵,
852 217 904 255 1-e

175 368 310 430 Tradidit
332 369 409 430 hanc
432 387 525 448 puero
549 367 720 446 Graecinus,
744 386 776 428 se
799 385 875 451 puer
898 366 951 446 nti,

242 457 281 518 Et
303 457 414 519 fruitur
437 465 503 518 voto
526 459 631 537 virque
655 475 789 536 puerque
813 475 876 517 suo.

121 703 242 798 itia.
628 721 690 786 ue
776 719 779 723 ·

177 833 309 911 Signifer
333 832 498 910 aethereus,
522 831 651 893 mundus
675 851 733 910 quo
757 834 887 910 cingitur
910 833 1017 910 omnis,

176 922 263 982 Astra
286 928 368 982 tenet
390 929 506 982 tantum
530 940 562 982 se
586 920 656 981 sede
680 923 828 981 moventia
852 929 980 1001 septem3

177 1010 299 1071 Caetera
323 1028 390 1070 nam
414 1011 536 1089 proprio
560 1017 639 1070 stant
662 1029 781 1089 semper
803 1012 834 1070 in
859 1009 963 1070 ordine
987 1010 1053 1069 [ixa.

177 1099 299 1160 Saturni
322 1098 405 1159 sidus
429 1117 544 1160 summa
567 1101 719 1159 concurrit
742 1101 773 1159 in
796 1117 865 1159 arce

176 1189 236 1249 Ter
259 1188 394 1268 denoque
418 1207 490 1249 suus
514 1188 679 1267 completur
702 1197 835 1266 ternpore
860 1207 975 1248 cursus.

175 1277 247 1338 Inde
270 1277 346 1338 lovis
371 1296 477 1338 cursus
500 1277 547 1337 bis
571 1279 651 1337 senis
675 1277 801 1337 volvitur
824 1279 923 1358 annis3

178 1367 228 1427 Sic
250 1366 329 1428 Mars
353 1369 523 1445 quingentis
547 1359 677 1427 †rubeus
701 1365 894 1445 quadraginta
919 1364 1034 1426 diebus

175 1457 229 1516 Ast
251 1475 310 1516 uno
335 1456 412 1516 Solis
436 1455 601 1534 completur
624 1455 754 1516 circulus
778 1473 863 1534 anno,

177 1545 333 1606 Trecentis
356 1545 455 1606 Venus
479 1553 545 1604 octo
569 1552 599 1604 et
621 1544 815 1624 quadraginta
840 1543 953 1623 diebus,

176 1634 344 1695 Mercurius
368 1642 487 1695 centum
511 1635 633 1712 triginta
656 1651 822 1712 novemque
846 1632 960 1694 diebus.
1154 1661 1186 1700 ω

176 1724 227 1784 Bis
252 1724 338 1784 denis
362 1731 535 1802 septemque
561 1722 665 1782 diebus
688 1722 771 1782 Luna
794 1740 956 1802 peragrans

177 1812 250 1874 Octo
274 1813 416 1891 horisque
441 1812 531 1872 simul
554 1814 708 1891 proprium
732 1815 776 1872 sic
800 1812 920 1872 conticit
942 1810 1053 1871 orbem.

122 1969 267 2062 itatis.
281 2030 307 2051 .
452 1985 535 2050 reer
563 1983 652 2072 (otiu
675 1983 866 2074 eoo-ooe)

177 2115 230 2175 Est
253 2114 305 2176 ubi
328 2134 388 2175 non
411 2114 508 2175 imber
530 2133 587 2174 nec
611 2133 660 2173 ros
684 2113 825 2174 dilabitur
846 2133 997 2193 umquam,

243 2203 297 2264 Est
318 2203 372 2265 ubi
394 2221 451 2264 nec
473 2205 525 2262 nix
549 2211 593 2263 est
616 2221 671 2263 nec
695 2203 827 2281 glacialis
849 2203 955 2282 hiems

177 2292 232 2354 Est
255 2296 319 2354 sine
339 2295 398 2353 vite
418 2292 522 2371 solum,
541 2290 686 2371 quaedam
707 2291 778 2370 [est]
800 2295 864 2352 sine
882 2301 977 2352 matre
997 2310 1137 2372 propago.

245 2381 298 2442 Est
322 2385 386 2442 sine
411 2399 480 2459 rege
504 2380 609 2460 tribus,
634 2384 767 2441 estsine
791 2400 864 2441 nave
888 2381 1006 2442 fretum.
1032 2415 1074 2424 —

178 2541 244 2602 Non
269 2544 333 2602 sine
357 2560 439 2602 mors
462 2542 583 2620 gemitu,
606 2559 666 2600 non
689 2549 793 2619 partus
817 2542 928 2620 absque
953 2541 1063 2622 dolore,
1167 2565 1186 2604 s.

245 2630 310 2691 Non
334 2633 385 2691 nix
410 2630 520 2710 absque
544 2630 621 2709 gelu,
646 2649 705 2690 non
728 2638 816 2691 notus
840 2629 951 2710 absque
976 2649 1057 2691 sono.

251 2802 318 2858 798.
348 2805 421 2857 Ρ--
438 2803 587 2856 Parisinus
604 2807 671 2855 7461
692 2818 759 2856 saec.
774 2801 861 2857 XIII
874 2803 922 2870 fol.
939 2807 980 2856 17.
1020 2803 1139 2858 Contuli.

178 2875 256 2928 Nun
279 2874 362 2928 medii
380 2875 440 2928 aevi
458 2873 515 2927 est?
580 2875 681 2927 utana
701 2875 729 2927 P
763 2890 792 2927 se
809 2874 875 2926 sede
889 2875 1030 2928 Baehrens
1067 2890 1140 2928 sesc-

180 2962 234 3012 que
254 2947 282 2999 P
353 2945 431 3011 i'Et,
449 2961 585 3013 suprascr.
605 2951 669 2998 aul
707 2943 790 3012 isio,
809 2947 837 2999 P
878 2944 977 2998 rubau'
996 2947 1056 3015 (sie)
1075 2947 1103 2999 P

178 3017 236 3070 ruit
254 3019 283 3070 et
303 3018 402 3070 Ziebeu
437 3016 539 3070 rubens
558 3017 730 3086 Anqelouius
761 3017 805 3070 De
825 3018 919 3070 Marte
933 3017 1033 3070 Venere
1064 3019 1140 3072 Mer-

178 3089 255 3141 curio
283 3089 370 3142 Luna
397 3088 470 3154 falsa
498 3095 654 3142 narrantur
726 3093 758 3140 11
781 3090 888 3156 septem
918 3089 1003 3156 atque
1030 3089 1141 3142 duobus

180 3158 297 3214 Oreiiiue
315 3161 355 3213 ed.
375 3160 492 3214 Phaedr.
511 3177 538 3226 p.
555 3164 615 3228 242.

251 3265 330 3320 798¹.
362 3268 390 3320 P
403 3293 436 3310 =
452 3267 602 3320 Parisinus
624 3270 710 3319 18275
737 3283 758 3320 s.
774 3266 861 3319 XIII
883 3266 930 3332 fol.
947 3271 988 3319 23.
1028 3267 1141 3322 Contuli

178 3343 297 3392 a.1906.
340 3337 370 3391 V.
388 3341 473 3390 1-18
493 3338 532 3391 ed.
549 3355 593 3406 pr.
613 3338 750 3392 Pithoeus.
788 3338 932 3392 Poematia
957 3339 1029 3391 inter
1047 3355 1074 3392 se
1093 3340 1141 3392 oia

178 3445 325 3498 cohaerent.
400 3445 478 3496 3est
506 3443 569 3497 aoid.
590 3445 720 3498 PItboeus
792 3451 893 3514 eroge
916 3445 990 3499 Pitb.
1011 3425 1140 3514 mitrege

179 3516 207 3568 P
258 3522 282 3567 5.
303 3520 318 3566 6
339 3512 433 3568 dolore
454 3521 479 3567 et
501 3531 568 3567 sono
590 3517 681 3570 scriba
699 3517 727 3569 P
748 3517 929 3582 eommutavit,
952 3517 999 3570 eed
1021 3521 1148 3572 correxit·

213 3585 262 3638 nix
280 3587 320 3640 sie
339 3587 366 3639 P
384 3589 470 3653 (errat
488 3586 629 3655 Pithoeus)
