2582 3924
189 278 258 342 '230
526 277 554 332 O.
570 279 630 345 474,
641 292 715 333 s-1e.
734 277 763 332 Ο.
781 283 831 332 745

191 445 285 516 Quam
309 464 364 506 nec
387 444 546 506 Alexandri
569 451 666 504 mater
689 444 744 504 sub
768 444 830 505 sole
854 444 970 505 cadenti

191 528 359 616 †Emeruit;
382 553 443 595 non
467 537 492 594 si
515 535 596 593 varia
619 551 651 592 se
676 536 831 612 aspergine
856 532 910 593 Gai

191 623 331 684 Effundat
352 642 407 703 per
430 630 532 702 aperta
555 622 632 682 latex
656 639 672 682 c
696 621 818 683 sedibus
841 625 910 682 imis
1183 637 1195 676 s

192 713 266 774 Cum
290 712 375 792 Syrio
398 719 558 790 unguento,
583 713 631 771 cui
654 729 773 790 semper
797 711 931 772 roscidus
956 712 1071 772 humor.

190 801 246 862 Hic
269 803 381 862 lemora
405 808 435 861 et
457 819 543 862 suras
567 807 597 860 et
619 799 739 860 brachia
762 800 892 861 molliter
915 800 1008 861 ambit

191 891 229 952 Et
251 893 328 969 rigat
350 893 381 951 in
404 890 542 970 pluviam,
567 891 737 968 sensimque
761 889 798 949 ad
821 889 895 949 colla
919 889 1068 950 resultans

191 980 298 1058 Tangit
321 979 410 1039 odore
434 979 492 1040 levi
516 986 546 1039 et
568 985 651 1056 grato
675 980 836 1057 spiramine
860 997 948 1038 nares

191 1069 281 1129 Lenis
305 1076 335 1129 et
358 1067 497 1129 externas
521 1067 676 1128 admittere
701 1069 821 1128 nescius
845 1075 932 1127 artes
956 1101 999 1110 -—
1168 1085 1195 1125 ao

257 1157 322 1218 Huc
346 1156 424 1235 ades,
448 1177 465 1217 0
489 1156 621 1235 Florem,
645 1163 675 1216 et
698 1156 772 1216 festa
794 1155 860 1217 luce
885 1155 984 1217 relaxa

190 1246 298 1308 Mentis
322 1265 397 1307 onus
420 1244 602 1324 nebulasque
627 1245 703 1324 luga,
727 1263 802 1324 quae
826 1245 932 1306 frontis
955 1245 1099 1305 honorem

137 1581 163 1620 B.
177 1581 238 1622 125.
252 1580 283 1618 M.
298 1581 343 1621 576.

136 1633 275 1728 {iffif'l'
551 1660 601 1715 De
623 1659 797 1715 vinalibus

191 1780 257 1842 Non
280 1779 336 1841 tibi
359 1782 427 1840 vina
450 1778 576 1858 placent,
600 1797 617 1838 o
640 1777 815 1838 insanabilis
838 1778 955 1857 hospes,

191 1869 253 1931 Nec
276 1888 360 1930 mens
385 1877 430 1929 est
453 1867 592 1928 Thebana
616 1867 679 1946 tibi,
702 1867 772 1928 licet
796 1885 902 1946 aggere
927 1867 1004 1928 celso

190 1959 331 2020 Dircaeae
355 1961 439 2036 rupis
464 1956 544 2018 dicas
568 1957 690 2016 fluxisse
713 1954 875 2035 parentes?

190 2048 308 2108 Vertice
333 2048 368 2108 de
393 2046 488 2125 Nysae
512 2064 567 2125 per
590 2064 660 2106 rura
684 2051 713 2104 et
735 2052 837 2105 nostra
860 2044 974 2123 Lyaeus

191 2137 322 2198 Transiit
345 2135 537 2214 implevitque
560 2137 623 2194 vias
646 2133 833 2212 nigrantibus
856 2136 931 2194 uvis.
1181 2163 1194 2200 5

191 2225 286 2286 Musta
310 2224 368 2285 sibi
390 2226 490 2303 posuit
513 2231 606 2303 pater,
630 2230 659 2283 et
682 2241 742 2283 non
765 2229 899 2302 tempore
924 2221 959 2283 ab
983 2223 1033 2283 illo

190 2315 347 2375 Desierant
369 2313 443 2373 baec
467 2331 550 2373 saera
573 2312 638 2390 coli,
662 2319 820 2390 vatumque
845 2329 951 2372 sonoro

191 2403 329 2464 Carmine
353 2402 480 2462 Mincius
504 2409 534 2461 et
557 2403 685 2479 strepuit
709 2402 880 2461 circumsita
904 2403 969 2480 ripa

191 2493 336 2553 Fluminis
359 2490 487 2569 Etrusci,
511 2509 600 2570 quem
623 2509 682 2550 non
707 2489 845 2568 aequabit
867 2488 1003 2550 Orontes.

263 2687 279 2734 4
298 2680 437 2734 Annaea-it
450 2681 591 2734 Baehrens
623 2679 648 2732 41
666 2697 709 2733 aa
723 2678 763 2732 sie
778 2680 925 2734 Buecheler
961 2677 1022 2732 Caii
1036 2696 1080 2734 aa
1100 2678 1153 2733 Gai

191 2754 259 2808 Birt
298 2752 364 2805 Bais
392 2753 539 2806 Buecheler
615 2752 749 2818 1040114
774 2769 793 2804 4
874 2757 1018 2819 esemper
1037 2751 1117 2806 cuir

192 2823 283 2889 Quem
301 2825 338 2894 (3)
353 2853 386 2862 -
401 2825 545 2893 unguento
564 2823 719 2888 Buecheler,
739 2838 795 2874 non
810 2823 847 2891 (4)
863 2853 897 2862 -
910 2824 1055 2891 unguento
1075 2823 1154 2876 Koch

187 2896 365 2964 parenthesin
383 2900 475 2962 putat.
568 2900 581 2947 7
601 2891 775 2962 inpluvium
794 2895 847 2947 ue.
867 2895 909 2949 ita
926 2900 958 2948 ut
977 2895 1076 2961 pluuia
1094 2895 1153 2961 dat,

191 2969 225 3034 cf.
245 2967 346 3021 Ziehen
378 2966 516 3035 Philoloqe‘
548 2966 639 3020 LVII
656 2969 707 3018 416
740 2967 773 3017 41
804 2964 899 3034 pluvia
932 2965 1072 3019 Baehrens

192 3037 310 3092 914414
374 3038 528 3090 10011444
584 3041 615 3089 11
631 3035 746 3089 Florens
760 3036 794 3102 cf.
807 3039 910 3104 7428(
921 3038 933 3106 .)
994 3041 1151 3092 11—12se-

187 3116 274 3178 parat
287 3109 434 3163 Buecheler
440 3121 449 3172 ,·‘
468 3109 505 3162 ad
523 3125 545 3161 c.
562 3112 612 3160 742
632 3107 774 3162 exordium
804 3109 909 3162 renutu
940 3107 1082 3162 Baehrens

193 3186 225 3232 12
244 3180 421 3233 Dedecoranl
438 3180 503 3233 add.
521 3181 594 3234 Birt.
614 3179 712 3232 Finem
731 3179 818 3233 deesse
835 3180 942 3233 indicat
960 3197 986 3232 4.

265 3284 332 3340 745.
365 3285 412 3357 (0)
430 3302 481 3339 au.
516 3283 750 3350 linqequiliso
836 3283 982 3338 3fulsisse
1001 3285 1105 3339 conieci

191 3357 306 3411 441444
324 3375 368 3410 an
404 3359 500 3409 nostra
518 3372 617 3409 nmen
658 3354 832 3424 perlustrans
850 3373 915 3409 rura
934 3357 1082 3410 Buecheler

192 3429 289 3482 barbi
313 3429 453 3482 Baehrens
489 3427 538 3480 4111
561 3428 627 3481 Birt
662 3427 754 3495 poscit
784 3428 949 3495 Oudendorp
1022 3427 1152 3481 ‘lDesie-

191 3502 256 3554 rant
274 3517 317 3554 aa
341 3501 439 3552 ·-erunt
458 3498 592 3552 Schrader
664 3503 679 3550 8
698 3500 733 3566 cf.
749 3499 962 3570 Verq.ecl.7,13
999 3499 1117 3552 tremuit
1134 3517 1152 3553 4

263 3576 416 3650 tiqqemu
452 3569 528 3636 quod
547 3570 688 3623 Baehrens
