2594 3920
165 222 208 286 28
392 222 638 291 G.485·,1aa-1ro.
676 224 703 279 O.
720 225 795 291 485¹2,
811 240 871 280 1-1.
980 188 982 193 ¹

165 390 232 468 lpsa
246 388 376 469 quidem,
392 389 444 450 sed
460 409 518 451 uon
534 388 651 467 [eadem
667 391 735 471 estl,
750 391 913 470 eademque
927 411 984 453 nec
999 394 1063 472 ipsa
1078 403 1133 472 est,

232 479 392 540 Aeternam
414 482 505 540 vitam
529 483 634 540 mortis
657 480 764 560 adepta
787 480 872 542 bono.
1150 507 1196 550 no

111 651 138 745 ia]
152 653 251 747 111111.
606 671 689 737 435¹)

168 800 278 862 iustius
302 799 412 861 invidia
437 800 510 860 nihil
535 810 589 880 est,
613 819 688 881 quae
711 804 848 881 protinus
872 805 970 882 ipsum

234 890 393 950 Auctorem
417 889 496 949 rodit
520 893 730 969 excruciatque
755 893 895 952 animum.

238 1083 290 1132 169
309 1079 409 1132 eadem
428 1081 472 1134 est
489 1081 554 1134 add.
574 1081 723 1148 Baehrens,
742 1097 792 1135 om.
814 1081 868 1136 VL
904 1081 1049 1150 caedique
1072 1082 1099 1135 V

168 1149 305 1205 ‘Phoenix
322 1167 379 1204 non
402 1150 468 1218 alia,
497 1150 546 1204 sed
569 1151 697 1221 quamvis
721 1150 821 1206 melior
848 1151 914 1220 alia,
942 1155 1037 1208 tamen
1055 1153 1133 1222 prior

165 1257 239 1325 ipsa’
260 1257 334 1312 Zeno
353 1258 403 1312 tc.
478 1263 529 1312 170
548 1241 666 1326 ad¹i¹pta
684 1258 718 1312 L.
739 1289 772 1298 —
794 1258 841 1313 Ad
859 1260 908 1314 hoc
926 1277 1036 1314 carnaea
1054 1261 1131 1314 illus-

166 1330 297 1383 trandum
321 1331 461 1397 pertinent
488 1347 557 1398 quoe
591 1329 646 1383 (Ire
665 1331 741 1384 orius
777 1331 943 1384 Turonensis
974 1329 1016 1384 De
1049 1347 1132 1384 cursu

166 1398 311 1453 stellarum
330 1416 353 1453 1,
370 1406 402 1453 11
421 1400 505 1466 refert
522 1401 601 1455 hacc:
621 1401 629 1426 ‘
661 1400 763 1453 ortium
782 1402 825 1456 est
844 1402 919 1469 quod
939 1401 974 1456 de
991 1401 1131 1470 phoenice

166 1470 330 1525 Lactantius
349 1470 443 1526 refert.
463 1487 568 1541 magna
586 1474 638 1537 est,
657 1472 707 1538 ait,
727 1488 843 1542 corpore
859 1475 888 1526 et
907 1473 1009 1527 decora
1027 1473 1132 1542 plumis

164 1541 363 1613 unguibusque
382 1545 412 1596 ct
434 1542 530 1598 oculis.
569 1558 642 1610 quae
670 1543 787 1598 alterius
811 1544 870 1598 avis
890 1561 946 1598 non
969 1547 1012 1598 est
1034 1545 1132 1598 iuncta

166 1613 307 1667 consortio
335 1630 387 1668 nee
415 1614 513 1668 iuncta
541 1614 680 1684 coniugio.
718 1629 785 1668 nam
813 1618 842 1669 et
868 1616 977 1670 nescire
1004 1615 1132 1670 homines

165 1684 348 1738 manifestum
367 1688 410 1740 est
429 1686 509 1739 cuius
528 1685 566 1739 sit
584 1685 708 1755 generis,
727 1686 869 1740 masculus
888 1704 924 1741 an
947 1685 1054 1740 femina
1073 1687 1131 1740 sive

168 1759 443 1826 1111111111(1.161).
481 1756 551 1810 haec
578 1760 729 1826 postquam
756 1757 834 1812 mille
861 1757 1006 1812 transierit
1034 1774 1131 1823 annos,

164 1828 238 1896 petit
256 1827 350 1882 locum
368 1827 498 1882 omnihus
521 1827 591 1882 locis
610 1828 760 1882 mundanis
785 1829 1006 1898 praeminentem
1025 1832 1072 1899 (8),
1100 1830 1131 1882 in

106 1903 111 1914 ’
165 1915 221 1966 quo
241 1898 362 1953 habetur
380 1899 460 1954 lucus
473 1900 558 1954 viridi
577 1915 657 1954 coma
671 1916 754 1954 verno
774 1899 947 1969 hibernoque
965 1900 1129 1970 perdurans,

164 1971 195 2023 in
223 1971 302 2024 euius
329 1971 423 2025 medio
451 1970 514 2026 fous
534 1974 577 2026 est
598 1988 718 2041 maguus
746 1973 775 2026 et
798 1971 927 2026 ubertate
950 1972 1074 2041 profluus
1102 1975 1131 2026 et

164 2041 283 2095 lenitate
302 2042 463 2112 praeclarus
483 2045 546 2113 (25).
582 2043 667 2096 huius
690 2042 720 2094 in
743 2041 826 2097 litore
854 2043 920 2114 [est]
945 2044 1028 2098 arhor
1050 2044 1129 2098 nobi·

164 2112 199 2165 111
225 2113 349 2181 reliquas
372 2113 430 2167 luci
454 2115 566 2169 arbores
585 2114 756 2183 proceritate
774 2113 954 2183 praecellens.
992 2113 1023 2168 111
1045 2113 1129 2168 huius

165 2183 272 2238 arboris
286 2185 390 2238 vertice
404 2185 475 2238 haec
490 2185 549 2239 avis
564 2185 600 2238 de
617 2185 734 2238 diversis
752 2185 960 2255 pigmentorum
978 2184 1130 2255 generibus

165 2255 302 2310 construit
327 2257 383 2311 sibi
408 2273 457 2309 seu
476 2256 575 2310 nidum
593 2257 651 2310 sive
670 2255 849 2325 sepulchrum
868 2260 923 2327 (7⁵1)
942 2257 1128 2326 insedensque

164 2328 193 2380 in
212 2327 306 2381 medio
325 2328 386 2381 eius
410 2343 457 2381 ore
477 2328 660 2396 odoramenta
682 2327 808 2381 adtrahit
827 2345 912 2398 seque
932 2346 965 2384 11
983 2329 1028 2383 his
1047 2329 1128 2399 tegit.

164 2401 232 2452 tune
251 2396 368 2453 diversis
387 2399 509 2453 modulis
528 2399 630 2467 incipit
649 2401 748 2452 cantus
768 2399 910 2454 effundere
930 2415 1028 2454 suaves
1044 2415 1077 2454 ac
1092 2399 1127 2454 de

164 2470 230 2524 nido
259 2469 376 2524 exiliens
405 2486 542 2538 aquarum
564 2486 593 2523 se
616 2471 699 2523 undis
727 2470 868 2540 inmergit.
906 2472 983 2540 quod
1002 2489 1066 2524 cum
1084 2473 1129 2526 ter

163 2543 319 2609 quaterque
352 2541 512 2610 repetierit,
541 2540 669 2596 ascendit
696 2541 797 2596 iterum
826 2543 1008 2610 adtrahitque
1036 2543 1128 2597 denuo

164 2628 296 2681 superse
322 2613 520 2681 odoramenta,
547 2628 620 2681 quae
639 2612 750 2666 detulit.
789 2614 928 2668 emicante
957 2616 1051 2668 autem
1070 2614 1129 2668 sole

163 2683 287 2752 primum
306 2683 332 2736 ci
352 2683 434 2738 iubar
452 2683 550 2738 inferit
575 2684 702 2754 igneum,
726 2684 958 2753 adprehensoque
980 2685 1048 2739 nido
1067 2686 1129 2739 tota

163 2755 273 2823 integre
292 2759 491 2810 concrematur.
528 2757 597 2808 tunc
610 2755 702 2824 pulvis
717 2758 832 2811 exustus
846 2757 883 2810 ad
898 2773 927 2810 sa
941 2755 1086 2827 colligitur
1100 2758 1128 2810 et

162 2827 193 2879 in
212 2842 297 2879 unam
316 2842 439 2880 massam
462 2827 544 2896 quasi
563 2826 593 2881 in
611 2828 656 2880 ovi
679 2827 802 2896 speciem
826 2827 1012 2897 conglobatur
1030 2843 1063 2882 ac
1081 2843 1128 2880 ex-

163 2897 229 2950 inde
257 2897 360 2952 itsrum
378 2915 495 2968 surgens
514 2899 659 2968 resumpta
682 2899 741 2952 vita
764 2899 896 2965 nutritur,
924 2915 976 2954 nec
995 2899 1128 2968 cuiquam

162 2969 279 3035 homini,
299 2969 366 3022 dum
389 2969 532 3039 implumis
551 2973 603 3036 est,
630 2985 746 3039 pascere
766 2986 832 3024 cura
852 2973 894 3026 111
913 2973 996 3040 (110),
1015 2973 1128 3024 tantum

163 3039 278 3094 caelesti
306 3057 367 3095 rore
396 3042 504 3096 nutrita
528 3041 565 3094 ad
591 3041 742 3110 pristinam
770 3040 892 3110 speciem
915 3045 1070 3108 revocatur,
1099 3043 1128 3095 et

162 3111 251 3180 ipsius
269 3112 376 3181 figurae
395 3113 501 3166 eisdem
519 3112 624 3181 plumis
643 3113 797 3180 eodemque
812 3112 903 3167 colore
916 3115 1049 3182 reparata
1063 3129 1127 3182 pro-

161 3181 290 3252 greditur
316 3185 349 3236 ut
375 3184 454 3252 prius
481 3183 575 3238 ltrerat
602 3187 668 3238 ante
695 3186 822 3238 mortem.
860 3185 936 3252 quod
959 3183 1127 3246 miraculum

161 3254 394 3308 resurrectionem
412 3255 564 3309 humanam
582 3255 664 3308 valde
683 3255 787 3325 figurat
805 3257 834 3310 11
853 3255 986 3321 ostendit,
1005 3254 1128 3323 qualiter

161 3325 244 3379 homo
263 3325 356 3380 luteus
374 3327 506 3381 redactus
520 3327 550 3379 in
568 3324 711 3394 pulverem
731 3326 769 3381 sit
786 3327 890 3380 iterum
905 3327 939 3381 de
958 3326 1027 3396 ipsis
1045 3326 1126 3380 favil-

160 3397 197 3450 lis
215 3397 286 3451 tuba
305 3401 423 3453 canente
442 3397 672 3452 resuscitandus!

232 3467 317 3524 laub.
355 3471 508 3524 Vaticanus
522 3474 590 3522 3321
610 3485 678 3523 suec.
699 3469 778 3523 VIII
792 3470 840 3536 fot.
857 3474 907 3523 101
928 3469 1124 3536 11111111ιί111-

160 3542 314 3595 rentiarum
333 3544 358 3611 (2
378 3541 460 3595 rodet
478 3539 601 3606 excruci3
621 3539 710 3609 adqz),
728 3542 778 3610 qui
795 3542 889 3596 houset
907 3558 940 3594 eac
954 3542 1125 3609 Hieronymo

165 3613 224 3666 VII
243 3617 294 3666 586
314 3614 353 3666 ed.
381 3613 465 3667 Vult:
486 3611 606 3665 Pulohre
625 3611 742 3680 quidam
766 3611 801 3666 de
823 3611 981 3679 neotericis,
1005 3611 1125 3666 Graeco-
