2582 3924
89 553 116 593 25

90 1000 118 1038 30

91 1443 118 1484 at

92 1889 119 1928 40

93 2334 118 2374 45

506 193 535 251 G.
551 200 623 263 760⁸,
638 209 717 250 ae-se

132 362 183 422 Sic
207 361 251 422 illi
273 363 384 441 vixere
408 361 516 441 quibus
540 361 597 423 luit
620 381 709 422 aurea
732 363 825 442 virgo,

200 449 282 521 Quae
304 450 382 511 bene
405 453 592 530 praecinctos
615 450 769 530 postmodo
791 450 877 530 pulsa
901 451 984 528 sugit.

132 539 245 617 Livide,
269 539 341 619 quid
364 539 485 600 tandem
508 542 626 601 tunicae
649 558 780 601 nocuere
803 539 925 618 solutae,

200 628 259 689 Aut
280 628 336 689 tihi
358 631 474 689 ventosi
497 629 569 708 quid
591 648 721 690 nocuere
746 625 852 690 sinus?

133 717 211 778 Num
234 719 334 778 minus
357 717 441 778 urbis
466 726 529 778 erat
552 727 652 779 custos
677 726 707 779 et
729 718 865 778 Caesaris
889 715 999 778 obses?

201 805 278 867 Num
301 805 357 866 tihi
379 825 439 867 non
462 814 540 868 tutas
565 808 635 868 lecit
658 811 689 868 in
712 807 788 868 urbe
810 804 894 867 vias?

133 895 227 956 Nocte
251 895 306 956 suh
331 895 456 957 obscura
480 899 599 976 quista
623 896 762 977 spoliavit
784 892 954 957 amantem?

201 983 274 1055 Quis
297 987 395 1063 tetigit
417 984 506 1064 ferro,
531 985 633 1046 durior
656 989 729 1065 ipse,
753 983 851 1046 latus?

132 1073 229 1134 Maius
252 1082 317 1134 erat
338 1076 472 1153 potuisse
496 1083 594 1135 tamen
618 1093 674 1135 nec
697 1075 772 1135 velle
795 1074 976 1155 triumphos3

201 1161 294 1223 Maior
317 1181 366 1223 res
390 1165 505 1242 magnis
528 1163 707 1224 abstinuisse
731 1164 795 1224 luit

133 1251 237 1312 blaluit
258 1250 430 1312 umbrosam
453 1270 597 1331 quercum
620 1253 823 1332 nymphasque
847 1252 987 1313 cadentes

201 1340 356 1420 Paucaque
380 1343 495 1419 pomosi
518 1344 622 1420 iugera
645 1349 726 1403 certa
750 1342 814 1402 soli.

133 1429 268 1489 Pieridas
291 1429 502 1509 Phoebumque
526 1431 626 1491 colens
650 1433 681 1490 ln
705 1430 843 1491 mollibus
865 1430 961 1490 hortis

201 1518 325 1578 Sederat
348 1527 466 1596 argutas
490 1520 627 1598 garrulus
650 1523 730 1580 inter
751 1538 828 1580 aves.

132 1606 279 1668 Marmora
301 1615 481 1687 temnentur,
503 1612 623 1670 vincent
646 1612 827 1669 monimenta
850 1608 955 1670 libelli:

199 1697 315 1757 Vivitur
336 1699 466 1776 ingenio,
490 1706 589 1759 cetera
612 1700 716 1759 mortis
740 1706 835 1759 erunt

133 1785 211 1856 Quid
234 1784 367 1846 iaceret?
391 1786 553 1847 discinctus
576 1795 641 1848 erat
664 1805 763 1848 comes
786 1791 903 1866 integer
925 1786 1005 1848 idem
1051 1797 1052 1802 ’

200 1873 286 1934 Miles
310 1881 340 1934 et
362 1876 488 1953 Augusti
511 1876 629 1937 sortiter
650 1894 746 1954 usque
769 1875 850 1956 pius!

133 1963 220 2024 lllum
242 1965 353 2042 piscosi
376 1963 516 2025 viderunt
539 1983 608 2025 saxa
630 1964 728 2026 Pelori

200 2051 323 2130 ignibus
346 2053 462 2113 hostilis
486 2053 613 2115 reddere
636 2055 715 2131 ligna
739 2056 824 2134 ratis3

132 2141 257 2203 Pulvere
281 2143 312 2200 in
336 2141 472 2202 Emathio
496 2143 601 2204 sortem
625 2142 726 2203 ridere
749 2143 894 2222 Philippi:

199 2230 272 2291 Tam
296 2239 367 2291 tunc
390 2230 440 2291 ille
463 2239 549 2292 tener
571 2240 632 2293 tam
655 2234 752 2310 gravis
774 2233 868 2293 hostis
892 2240 964 2292 erat.

133 2319 207 2380 Cum
231 2320 305 2380 lreta
329 2319 461 2380 Niliacae
483 2328 622 2382 texerunt
645 2321 719 2382 laeta
744 2323 871 2400 carinae,

199 2408 297 2468 Fortis
322 2419 385 2469 erat
408 2411 498 2489 circa,
520 2409 605 2471 fortis
629 2417 658 2470 et
682 2419 748 2470 ante
774 2409 889 2489 ducem,

204 2621 239 2668 25
257 2614 359 2669 Liuida
378 2617 444 2670 libri
462 2618 520 2676 (·de
539 2619 566 2681 ς)
643 2623 676 2671 36
695 2616 750 2670 tibi
769 2616 838 2686 quid
857 2619 884 2671 Β
966 2621 999 2668 2⁷
1019 2631 1094 2669 care-

131 2685 170 2740 ris
189 2701 270 2756 opses
288 2688 362 2742 solus
381 2689 408 2741 B
446 2688 526 2742 obses
546 2691 584 2744 M
635 2694 669 2743 28
688 2687 770 2742 Nunc
784 2689 845 2746 BP
878 2687 1010 2740 Nuncuhi
1029 2687 1093 2742 Sco-

132 2794 202 2866 liper
238 2772 308 2862 iirhe
327 2795 355 2846 Β
446 2800 479 2848 29
499 2811 597 2849 oscura
615 2797 643 2848 Β
688 2797 756 2850 Post
774 2800 808 2848 30
835 2799 979 2849 o.39-56
999 2794 1095 2862 posuit

133 2865 254 2921 Ribbeck
326 2871 359 2918 31
379 2865 471 2919 Malus
490 2867 551 2921 BP
585 2882 637 2920 nec
655 2881 706 2919 nee
725 2868 753 2921 Β
807 2872 841 2919 32
859 2881 940 2924 ress
976 2882 1005 2917 es
1025 2866 1097 2918 BM

168 2941 202 2989 33
220 2953 300 2991 rcum
317 2954 368 2991 om.
379 2939 441 2991 BP
474 2936 659 3006 lymphasque
674 2938 840 3004 Wcrosdorf
872 2937 1003 2990 canentes
1024 2937 1062 2990 M

132 3013 166 3060 34
186 3012 263 3063 certa
281 3009 354 3074 libri,
374 3008 451 3061 culta
464 3009 573 3063 Aldina
634 3014 668 3061 36
688 3007 722 3061 Se
742 3025 824 3078 super
838 3024 896 3078 arg.
912 3008 972 3060 BP
1011 3006 1094 3060 Sede·

131 3080 177 3132 rat
197 3079 234 3133 M
239 3097 256 3140 ς
291 3097 359 3134 oum
378 3078 467 3147 Saepe
485 3081 562 3134 erat?
637 3086 669 3134 37
689 3079 788 3133 tunnei
807 3080 850 3146 B;
885 3080 949 3132 binc
967 3081 1093 3132 temnen-

132 3153 179 3203 tur
206 3152 305 3221 scripsi
341 3151 462 3204 moeonii
489 3153 527 3204 M
531 3163 546 3202 a
580 3151 686 3205 minaei
714 3153 741 3206 P
783 3151 884 3219 cygnei
911 3151 1059 3205 Buecheler

133 3220 278 3290 Smyrnaei
296 3223 337 3276 oel
360 3221 516 3276 Marmorea
543 3222 626 3276 Aonii
653 3223 776 3293 Seuliper
807 3221 879 3275 lonii
898 3223 973 3276 Bllis
1004 3221 1094 3274 teneri

132 3293 234 3347 Zichco
293 3297 327 3346 38
346 3293 380 3359 cf.
391 3294 514 3362 Propert.
526 3295 606 3360 11⁷1,
617 3300 659 3348 24.
717 3299 750 3347 33
770 3293 863 3347 facere
880 3293 941 3347 BP
975 3291 1095 3345 discinc-

132 3366 178 3418 eus
197 3365 265 3418 Birt
301 3363 448 3418 defunctus
467 3366 531 3419 libri
567 3366 677 3434 integer
696 3367 762 3420 libri
792 3365 924 3434 (impiger
946 3363 1040 3431 Voss).

133 3440 167 3490 40
185 3435 268 3490 fortis
287 3438 316 3490 et
333 3437 422 3507 culpo.
513 3442 546 3489 42
565 3435 683 3490 hostiles
702 3437 767 3491 libri
803 3436 905 3489 dedere
924 3435 1059 3489 Heinsius

132 3510 206 3563 reios
226 3509 265 3566 M
351 3513 386 3562 44
405 3507 474 3561 Tam
494 3508 520 3559 B
558 3507 649 3573 Quam
667 3509 746 3562 ceteri
781 3523 856 3560 nunc
875 3507 902 3560 Β
981 3510 1016 3558 45
1035 3503 1095 3557 lata

135 3581 177 3647 M,
194 3579 284 3636 reete?
