2598 3922
187 150 250 214 118
569 153 597 207 O.
614 159 674 222 649,
685 169 764 209 0-0

250 317 352 380 Discat
375 326 405 379 et
428 322 547 399 egregio
572 321 658 382 sudet
681 323 713 382 in
737 321 862 400 eloquio,

184 409 221 468 Vt
243 416 312 488 post
334 411 484 470 iurisonae
509 410 620 470 famosa
644 410 792 488 stipendia
815 409 933 488 linguae

252 496 427 559 Barbaricas
451 500 581 577 ingeniis
604 499 808 560 anteferuntur
831 495 924 577 opes?

184 587 222 646 lt
245 589 296 666 qui
320 594 397 666 sunt,
421 607 495 667 quos
517 595 641 668 propter
662 588 821 649 honestum
844 606 984 667 rumpere
1007 587 1112 648 foedus

252 675 365 736 Audeat
387 676 501 737 inlicite
524 676 633 755 pallida
652 675 793 741 avaritia?

67 825 71 832 ,
184 763 310 825 Romani
334 769 481 826 sermonis
505 774 593 844 egent
617 764 799 846 ridendaque
823 765 913 826 verba

252 853 374 934 Frangit
398 854 434 914 ad
452 855 609 915 horrificos
632 854 751 916 turbida
774 855 875 934 lingua
899 871 996 914 sonos.

185 942 244 1002 Sed
267 951 366 1004 tamen
389 962 425 1003 ex
449 943 531 1005 cultu
555 943 705 1022 adpetitur
728 963 796 1023 spes
820 951 903 1022 grata
925 939 1088 1022 nepotum?

253 1032 363 1093 Saltem
386 1032 467 1093 istud
490 1035 586 1111 nostri
610 1033 709 1094 forsan
732 1033 854 1094 honoris
878 1028 1010 1094 habent?

185 1120 321 1182 Ambusti
343 1124 434 1183 torris
458 1125 574 1201 species
598 1141 744 1202 exesaque
768 1122 865 1183 saeclo

252 1203 417 1271 ldbtantur
438 1213 547 1290 priscis
571 1230 695 1291 corpora
719 1211 754 1272 de
777 1209 913 1272 tumulis!

184 1299 322 1379 Perplexi
346 1302 453 1379 crines,
477 1301 560 1361 frons
583 1300 726 1380 improba,
749 1308 884 1379 tempora
906 1317 1018 1378 pressa,

252 1388 394 1450 Extantes
417 1389 511 1451 malae
535 1389 692 1450 deficiente
716 1408 799 1468 gena,

186 1478 372 1558 Simataeque
396 1481 494 1539 iacent
516 1478 613 1558 pando
637 1481 803 1540 sinuamine
826 1496 923 1557 nares,

253 1567 384 1628 Territat
406 1587 439 1628 os
462 1567 576 1628 nudum
600 1586 744 1648 caesaque
767 1567 850 1628 labra
872 1574 997 1627 tument.

184 1654 341 1717 Delossum
365 1659 395 1716 in
420 1664 554 1717 ventrem
578 1657 718 1736 propulso
742 1656 874 1735 pondere
898 1663 1015 1734 tergum

253 1745 412 1824 Frangitur
435 1754 464 1806 et
488 1765 579 1807 vacuo
603 1765 691 1807 crure
714 1753 830 1806 tument
854 1763 957 1823 genua.

184 1832 320 1895 Discolor
342 1837 373 1895 in
398 1834 534 1896 manibus
559 1837 683 1914 specics
707 1855 741 1896 ac
765 1837 882 1914 turpius
905 1832 989 1912 illud,

252 1923 337 1993 Quod
362 1926 439 1984 cutis
463 1924 590 1985 obscure
612 1923 703 2003 pallet
725 1927 758 1983 in
780 1923 932 1983 invidiam.

258 2189 292 2237 25
311 2184 465 2256 stipendia]
497 2203 517 2254 p
537 2186 654 2250 fortasse
676 2186 708 2238 iu
729 2201 784 2238 ras.
805 2183 835 2236 Ε
906 2188 939 2236 21
958 2183 1047 2252 Atqui
1070 2186 1152 2255 culpo

185 2256 280 2322 Atque
297 2255 328 2308 hi
345 2255 443 2310 Heius.
517 2261 551 2309 28
571 2255 692 2309 abaritia
706 2256 743 2322 E,
758 2271 826 2310 corr.
841 2272 875 2308 ru.
889 2271 939 2309 000.
1012 2260 1045 2307 09
1066 2271 1152 2326 egens

186 2328 266 2398 culpo
339 2332 373 2382 30
392 2326 498 2381 Fundit
517 2327 602 2381 Klotz
621 2328 650 2380 el
668 2326 696 2380 h.
715 2327 850 2381 Heinsius
922 2325 1045 2380 ortilicos
1065 2328 1096 2382 Ε

187 2405 219 2452 31
241 2398 300 2465 Sal,
328 2399 563 2466 0000100οΕ
614 2397 677 2450 0110
705 2398 743 2464 Ε,
770 2413 838 2452 corr.
871 2397 1036 2466 Ouuoaop
1071 2397 1153 2451 vulin

186 2523 309 2593 Scaliper
344 2522 453 2592 politur
480 2522 621 2577 Frouclus
712 2526 745 2574 32
765 2520 866 2574 Soliim
893 2487 960 2575 llud
988 2521 1009 2590 (i
1035 2523 1152 2590 10000.)

185 2595 230 2647 mi
255 2595 286 2648 Ε
362 2600 396 2648 33
415 2597 549 2665 exipsaq3
576 2593 607 2647 Ε
696 2598 730 2647 34
757 2592 899 2646 Ablautur
926 2594 957 2647 Ε
991 2591 1153 2662 Rapluulur

186 2664 323 2720 Heinsius
353 2666 496 2734 Aptenlur
519 2665 633 2718 Vluelus
665 2664 815 2716 Abdunlur
839 2665 898 2718 edel.
981 2663 1151 2718 coexsules

185 2736 278 2790 malae
297 2738 328 2792 Ε
353 2755 388 2791 m.
403 2755 449 2806 pr.
485 2736 561 2790 mala
580 2742 605 2790 01
622 2751 713 2805 genae
732 2735 862 2805 Scallper.
920 2740 953 2788 31
974 2733 1151 2805 810000100ος

186 2809 223 2875 E,
242 2825 310 2863 corr.
331 2807 453 2879 Scollper
492 2824 581 2862 uncae
601 2808 748 2862 Buecheler
784 2807 884 2875 palent
900 2813 969 2874 puto
1031 2810 1066 2860 40
1085 2823 1151 2860 varo

186 2881 336 2934 Burmauu
426 2885 459 2932 41
482 2878 602 2934 Decolor
629 2879 765 2933 Heiuss'us
809 2877 931 2931 inmanis
950 2878 1086 2932 Schrader
1122 2878 1152 2930 in

185 2950 268 3004 malis
287 2952 429 3005 Baehrens
465 2950 517 3004 hac
536 2953 567 3006 Ε
588 2967 621 3004 ac
640 2969 674 3004 ro.
689 2967 737 3005 000.
764 2952 794 3002 01
812 2949 961 3004 Buecheler
987 2949 1042 3003 hoc
1060 2950 1153 3004 Baeh-

185 3038 248 3076 reus
337 3027 372 3075 42
392 3022 509 3093 obscurp
534 3023 565 3075 Ε
599 3021 634 3075 01)
661 3020 769 3075 invidia
802 3021 950 3076 Buecheler
986 3021 1027 3073 iu'
1043 3019 1153 3074 invidio

186 3094 327 3148 Baehrens
369 3095 399 3149 V.
418 3099 524 3146 33—42
552 3093 646 3147 uersuc'
674 3098 707 3147 30
739 3094 832 3146 statim
858 3091 1062 3163 scehiuuyeuelos
1082 3099 1152 3161 puto

185 3171 212 3220 el
242 3169 356 3217 31-32
387 3170 449 3233 post
477 3170 510 3217 26
543 3165 720 3219 collocuudos.
764 3163 911 3218 Buecheler
937 3164 970 3217 cl.
1002 3163 1152 3218 Ammiano

187 3235 300 3290 XXXI
315 3241 431 3305 02000.
452 3241 485 3290 11
509 3237 541 3290 cle
559 3235 677 3290 Huuur's
695 3237 802 3305 copitar.
839 3235 940 3288 Finem
962 3235 1050 3290 deesse
1068 3241 1153 3304 putot

185 3308 334 3362 Baehrens.
