2582 3924
529 213 556 268 O.
573 220 632 282 725,
643 229 723 269 ar-ro

231 381 290 442 Seu
314 381 389 442 caeli
411 399 496 441 mens
519 381 569 441 illa
591 382 647 443 fuit
670 399 724 441 seu
748 381 819 442 solis
841 383 947 460 imago,

229 470 342 548 Dignus
366 477 493 548 utroque
518 473 600 531 stetit
624 469 724 548 [deus]
750 479 830 531 ostro
857 471 955 531 clarus
979 480 1008 531 et
1031 489 1103 531 auro

230 559 421 638 lntonuitque
445 578 544 620 manu.
589 559 669 620 Talis
693 559 791 620 divina
814 566 953 639 potestas,

230 647 312 719 Quae
336 649 439 727 genuit
461 647 605 708 mundum
629 658 803 728 septemque
827 651 954 710 intexuit
977 647 1058 710 orbis
1118 671 1147 711 so

230 738 362 797 Artificis
386 755 474 797 zonas
498 745 528 798 et
550 744 645 797 totum
669 740 775 799 miscet
798 756 910 798 amore:

231 826 311 886 Talis
333 825 471 887 Phoebus
495 834 567 905 erat,
591 844 658 887 cum
681 826 776 887 laetus
800 826 890 887 caede
915 826 1050 887 draconis

228 915 320 976 Docta
343 933 522 994 repercusso
545 918 698 994 generavit
721 917 853 976 carmina
875 916 998 995 plectro.

230 1003 379 1065 Caelestes
402 1004 456 1065 ulli
480 1006 505 1064 si
529 1012 607 1083 sunt,
629 1005 685 1065 bac
709 1023 779 1065 voce
803 1004 954 1065 locuntur!

228 1093 356 1154 Venerat
380 1092 416 1154 ad
439 1092 577 1154 modulos
600 1092 753 1155 doctarum
777 1093 863 1154 turba
887 1112 1023 1155 sororum
1115 1116 1145 1156 aa

138 1272 199 1333 ΤΗ.
231 1271 296 1332 Huc
319 1272 378 1332 buc
401 1265 539 1332 Pierides
562 1271 677 1331 volucri
700 1272 853 1333 concedite
878 1272 967 1333 saltu:

228 1360 283 1420 Hic
306 1359 457 1421 Heliconis
481 1377 555 1439 opes
575 1359 696 1439 llorent,
725 1362 774 1421 bic
797 1368 896 1422 vester
917 1361 1018 1440 Apollo
1042 1361 1100 1421 est!

228 1450 274 1510 'lu
297 1467 424 1529 quoque,
447 1449 544 1527 Troia,
568 1467 670 1510 sacros
694 1451 810 1510 cineres
834 1449 871 1510 ad
894 1449 991 1511 sidera
1015 1449 1085 1510 tolle

228 1539 323 1618 Atque
347 1538 587 1617 Agamemnoniis
610 1557 684 1618 opus
707 1539 763 1599 boc
787 1538 910 1600 ostende
933 1539 1072 1618 Mycenis.

229 1629 289 1689 lam
312 1629 388 1688 tanti
411 1627 556 1688 cecidisse
579 1627 647 1688 fuit!
672 1627 798 1706 gaudete
822 1630 926 1688 ruinae
1114 1650 1147 1689 ro

227 1717 266 1777 Et
288 1716 404 1778 laudate
429 1735 529 1795 rogos:
552 1724 652 1778 vester
675 1735 725 1776 vos
750 1717 826 1778 tollit
849 1717 994 1778 alumnus,

228 1851 717 1867 ..........
764 1805 892 1885 plurima
916 1804 1005 1865 barba

228 1880 359 1975 Albaque
383 1897 530 1956 caesaries
552 1895 640 1974 pleno
664 1894 796 1956 radiabat
819 1896 939 1955 bonore.

228 1984 306 2062 Ergo
328 1993 362 2045 ut
387 1984 493 2044 divinis
516 1983 650 2063 implevit
672 1983 796 2045 vocibus
819 2002 914 2062 auras,

228 2072 359 2133 Candida
381 2073 501 2134 flaventi
525 2072 660 2133 distinxit
682 2080 816 2152 tempora
838 2075 910 2132 vitta
1114 2095 1145 2135 45

228 2162 465 2241 Caesareumque
490 2169 577 2240 caput
600 2163 707 2222 merito
730 2162 837 2222 velavit
860 2162 978 2222 amictu.

227 2250 312 2312 Haud
335 2251 439 2330 procul
461 2251 550 2311 Iliaco
574 2251 722 2330 quondam
746 2269 806 2311 non
830 2252 949 2329 segnior
971 2268 1022 2309 ore

228 2339 330 2400 Stabat
352 2348 383 2401 et
405 2343 469 2419 ipsa
492 2357 561 2400 suas
586 2339 702 2400 delebat
724 2339 842 2400 Mantua
866 2347 992 2400 cartas..
1009 2385 1038 2398 ..

210 2533 243 2583 28
261 2530 381 2597 utraque
402 2530 500 2597 Pec'per
532 2530 601 2582 daus
620 2530 683 2583 add.
705 2530 812 2597 Petram,
831 2529 905 2582 Nero
925 2529 1007 2582 stetit
1023 2530 1097 2582 Bne-

136 2601 230 2669 cbelrr,
250 2600 333 2654 simul
353 2601 543 2670 Kntclrenberq
615 2605 649 2653 30
673 2601 729 2654 oris
748 2601 784 2654 Ε.
822 2600 866 2654 De
892 2607 990 2668 septem
1018 2599 1100 2654 caeles

137 2672 172 2738 es.
188 2673 321 2726 Drncont
337 2673 369 2726 cte
388 2673 447 2727 Deo
463 2674 482 2725 Ι
494 2677 517 2724 5.
583 2676 615 2724 31
635 2673 727 2725 totum
745 2672 845 2740 compsi
870 2673 931 2725 toto
951 2671 982 2725 Ε
1016 2672 1099 2723 Amo-

137 2759 196 2798 rem
215 2745 361 2799 Stowamer
433 2748 467 2796 35
487 2759 618 2796 sonarum
636 2741 667 2796 Ε
737 2749 771 2796 36
791 2743 825 2808 of.
845 2760 867 2796 e.
887 2746 1000 2809 6‘l2‚29.
1034 2755 1098 2794 con-

137 2815 247 2868 tendite
265 2815 412 2870 Stomosser
493 2819 525 2867 3‘1
545 2813 661 2868 eliconis
681 2812 711 2867 Ε
790 2818 824 2867 38
843 2812 915 2866 Tum
934 2813 964 2867 E
999 2829 1101 2879 sacres,

137 2887 184 2940 aed
201 2903 270 2952 corr,
289 2886 320 2939 Ε
404 2890 437 2939 39
457 2886 531 2940 -onis
550 2885 580 2938 Ε
655 2890 689 2938 40
709 2885 826 2940 Halosin
857 2885 914 2939 Ian
944 2892 1004 2939 erat
1029 2901 1101 2952 pare

141 2957 299 3012 Troicorrnn
313 2958 435 3012 Nerorn'c
493 2963 526 3010 42
546 2964 572 3011 et
584 2959 691 3026 partlm
709 2961 743 3010 43
763 2957 908 3026 bibliopeqr'
925 2957 1036 3011 incuria
1054 2955 1100 3010 de·

138 3029 185 3083 leti
202 3035 274 3082 arent.
348 3030 415 3083 Post
433 3035 466 3081 41
486 3045 591 3083 oersnm
610 3033 652 3095 35,
678 3035 735 3083 tnm
754 3027 878 3080 Venerat
901 3043 935 3080 en
958 3028 988 3080 et
1005 3025 1100 3080 Maeo-

137 3098 227 3164 nides,
247 3099 293 3152 cui
310 3098 433 3169 plurima
456 3099 545 3154 barba
561 3101 703 3154 Bnebrem
724 3099 801 3152 hond
823 3099 893 3152 mole
964 3102 1100 3151 ttamen

137 3171 168 3224 Ε
204 3186 287 3223 auras
306 3171 407 3241 anen
465 3178 499 3224 45
519 3171 653 3224 discinxit
666 3172 768 3240 anen
831 3174 864 3223 46
883 3169 988 3222 velavit
1001 3169 1102 3236 Pea'per

139 3243 167 3311 (r'.
183 3258 203 3295 e.
220 3242 357 3296 Homerus
371 3243 516 3310 Neronem)
536 3241 640 3296 celabit
655 3243 685 3296 Ε
763 3245 806 3294 44.
827 3245 860 3294 48
880 3242 898 3294 r'.
913 3258 933 3294 e.
954 3240 1101 3310 Verytltne,

133 3320 218 3382 poeto
247 3314 384 3382 qnondam
404 3313 523 3368 Homero
547 3330 612 3381 por,
639 3329 691 3368 sno
718 3313 844 3366 carmina
871 3319 903 3366 nt
929 3312 1102 3366 Neronianis

138 3385 247 3439 minore
266 3385 376 3438 delebat.
412 3392 474 3452 poet
487 3390 521 3438 48
541 3385 640 3439 Midae
657 3384 791 3438 indictum
805 3384 892 3438 deesse
905 3383 976 3437 ne'dr't
990 3383 1100 3453 Haqen.

143 3455 241 3509 Utrnm
268 3457 342 3508 enr‘rn
368 3456 466 3510 Ladas
493 3457 630 3510 Neronem
657 3461 793 3510 cantorem
820 3472 881 3509 enm
903 3454 1034 3522 Apolline
1062 3471 1101 3508 an

142 3527 297 3597 lbemyroc
310 3526 447 3581 Neronem
461 3534 571 3596 poetam
585 3543 646 3581 cnm
660 3525 783 3581 Homero
798 3527 894 3580 melino
912 3523 1101 3594 conmordent?
