<?xml version="1.0" encoding="UTF-8"?>
<!DOCTYPE html PUBLIC "-//W3C//DTD XHTML 1.0 Transitional//EN"
    "http://www.w3.org/TR/xhtml1/DTD/xhtml1-transitional.dtd">
<html xmlns="http://www.w3.org/1999/xhtml" xml:lang="en" lang="en">
 <head>
  <title>
</title>
<meta http-equiv="Content-Type" content="text/html;charset=utf-8" />
  <meta name='ocr-system' content='tesseract 3.04.00' />
  <meta name='ocr-capabilities' content='ocr_page ocr_carea ocr_par ocr_line ocrx_word'/>
</head>
<body>
  <div class='ocr_page' id='page_1' title='image "./carminaincodici00riesgoog_0296.png"; bbox 0 0 2582 3924; ppageno 0'>
   <div class='ocr_carea' id='block_1_1' title="bbox 192 224 763 296">
    <p class='ocr_par' dir='ltr' id='par_1_1' title="bbox 192 224 763 296">
     <span class='ocr_line' id='line_1_1' title="bbox 192 224 763 296; baseline 0.005 -17"><span class='ocrx_word' id='word_1_1' title='bbox 192 224 258 290; x_wconf 83' lang='lat'>286</span> <span class='ocrx_word' id='word_1_2' title='bbox 297 227 304 237; x_wconf 90' lang='grc'><em>“</em></span> <span class='ocrx_word' id='word_1_3' title='bbox 581 226 609 281; x_wconf 85' lang='lat' dir='ltr'>C.</span> <span class='ocrx_word' id='word_1_4' title='bbox 625 232 763 296; x_wconf 60' lang='lat' dir='ltr'>sous-sa</span> 
     </span>
    </p>
   </div>
   <div class='ocr_carea' id='block_1_2' title="bbox 191 386 1190 652">
    <p class='ocr_par' dir='ltr' id='par_1_2' title="bbox 191 386 1190 652">
     <span class='ocr_line' id='line_1_2' title="bbox 191 386 1058 472; baseline 0.003 -20"><span class='ocrx_word' id='word_1_5' title='bbox 191 392 245 453; x_wconf 88' lang='lat' dir='ltr'>Est</span> <span class='ocrx_word' id='word_1_6' title='bbox 267 393 396 471; x_wconf 81' lang='lat' dir='ltr'>Paphiae</span> <span class='ocrx_word' id='word_1_7' title='bbox 420 412 509 472; x_wconf 91' lang='lat' dir='ltr'>quam</span> <span class='ocrx_word' id='word_1_8' title='bbox 532 397 618 455; x_wconf 84' lang='lat' dir='ltr'>triste</span> <span class='ocrx_word' id='word_1_9' title='bbox 643 393 734 455; x_wconf 91' lang='lat' dir='ltr'>decus</span> <span class='ocrx_word' id='word_1_10' title='bbox 757 386 878 456; x_wconf 67' lang='lat' dir='ltr'>larcere</span> <span class='ocrx_word' id='word_1_11' title='bbox 902 387 1058 455; x_wconf 68' lang='lat' dir='ltr'>furorem.i</span> 
     </span>
     <span class='ocr_line' id='line_1_3' title="bbox 192 481 1190 563; baseline 0.004 -21"><span class='ocrx_word' id='word_1_12' title='bbox 192 481 326 542; x_wconf 82' lang='lat' dir='ltr'>Claudite</span> <span class='ocrx_word' id='word_1_13' title='bbox 349 501 430 543; x_wconf 91' lang='lat' dir='ltr'>nunc</span> <span class='ocrx_word' id='word_1_14' title='bbox 454 485 568 543; x_wconf 89' lang='lat' dir='ltr'>animos</span> <span class='ocrx_word' id='word_1_15' title='bbox 591 482 819 562; x_wconf 89' lang='lat' dir='ltr'>miserandaque</span> <span class='ocrx_word' id='word_1_16' title='bbox 842 492 972 563; x_wconf 76' lang='lat' dir='ltr'><strong>pectora,</strong></span> <span class='ocrx_word' id='word_1_17' title='bbox 995 491 1115 563; x_wconf 84' lang='lat' dir='ltr'>matres,</span> <span class='ocrx_word' id='word_1_18' title='bbox 1165 509 1190 547; x_wconf 91' lang='lat' dir='ltr'>1o</span> 
     </span>
     <span class='ocr_line' id='line_1_4' title="bbox 192 571 983 652; baseline 0.003 -21"><span class='ocrx_word' id='word_1_19' title='bbox 192 571 236 631; x_wconf 89' lang='lat' dir='ltr'>Ne</span> <span class='ocrx_word' id='word_1_20' title='bbox 260 571 359 632; x_wconf 90' lang='lat' dir='ltr'>scelus</span> <span class='ocrx_word' id='word_1_21' title='bbox 383 571 439 632; x_wconf 92' lang='lat' dir='ltr'>hoc</span> <span class='ocrx_word' id='word_1_22' title='bbox 461 579 575 633; x_wconf 89' lang='lat' dir='ltr'>vestras</span> <span class='ocrx_word' id='word_1_23' title='bbox 598 575 738 633; x_wconf 90' lang='lat' dir='ltr'>iteratum</span> <span class='ocrx_word' id='word_1_24' title='bbox 761 572 873 652; x_wconf 86' lang='lat' dir='ltr'>polluat</span> <span class='ocrx_word' id='word_1_25' title='bbox 896 592 983 634; x_wconf 93' lang='lat' dir='ltr'>aures</span> 
     </span>
    </p>
   </div>
   <div class='ocr_carea' id='block_1_3' title="bbox 192 659 1002 741">
    <p class='ocr_par' dir='ltr' id='par_1_3' title="bbox 192 659 1002 741">
     <span class='ocr_line' id='line_1_5' title="bbox 192 659 1002 741; baseline 0.002 -21"><span class='ocrx_word' id='word_1_26' title='bbox 192 659 256 721; x_wconf 89' lang='lat' dir='ltr'>Neu</span> <span class='ocrx_word' id='word_1_27' title='bbox 280 679 332 721; x_wconf 88' lang='lat' dir='ltr'>vos</span> <span class='ocrx_word' id='word_1_28' title='bbox 356 661 499 722; x_wconf 87' lang='lat' dir='ltr'>sollicitas</span> <span class='ocrx_word' id='word_1_29' title='bbox 521 669 648 741; x_wconf 77' lang='lat' dir='ltr'>temptet</span> <span class='ocrx_word' id='word_1_30' title='bbox 671 661 754 722; x_wconf 91' lang='lat' dir='ltr'>dolor</span> <span class='ocrx_word' id='word_1_31' title='bbox 777 664 833 722; x_wconf 90' lang='lat' dir='ltr'>iste</span> <span class='ocrx_word' id='word_1_32' title='bbox 857 661 1002 723; x_wconf 92' lang='lat' dir='ltr'>nefandus</span> 
     </span>
    </p>
   </div>
   <div class='ocr_carea' id='block_1_4' title="bbox 553 750 792 828">
    <p class='ocr_par' dir='ltr' id='par_1_4' title="bbox 553 750 792 828">
     <span class='ocr_line' id='line_1_6' title="bbox 553 750 792 828; baseline 0 -36"><span class='ocrx_word' id='word_1_33' title='bbox 553 750 792 828; x_wconf 56' lang='lat'>*3*</span> 
     </span>
    </p>
   </div>
   <div class='ocr_carea' id='block_1_5' title="bbox 190 837 1190 2346">
    <p class='ocr_par' dir='ltr' id='par_1_5' title="bbox 191 837 925 919">
     <span class='ocr_line' id='line_1_7' title="bbox 191 837 925 919; baseline 0.004 -22"><span class='ocrx_word' id='word_1_34' title='bbox 191 837 306 899; x_wconf 83' lang='lat' dir='ltr'>Viderit</span> <span class='ocrx_word' id='word_1_35' title='bbox 328 857 363 899; x_wconf 91' lang='lat' dir='ltr'>ac</span> <span class='ocrx_word' id='word_1_36' title='bbox 386 839 477 900; x_wconf 86' lang='lat' dir='ltr'><strong>simili</strong></span> <span class='ocrx_word' id='word_1_37' title='bbox 499 858 596 919; x_wconf 90' lang='lat' dir='ltr'>poena</span> <span class='ocrx_word' id='word_1_38' title='bbox 618 842 776 900; x_wconf 89' lang='lat' dir='ltr'>commissa</span> <span class='ocrx_word' id='word_1_39' title='bbox 799 847 925 901; x_wconf 90' lang='lat' dir='ltr'>recuset.</span> 
     </span>
    </p>

    <p class='ocr_par' dir='ltr' id='par_1_6' title="bbox 191 927 1055 1009">
     <span class='ocr_line' id='line_1_8' title="bbox 191 927 1055 1009; baseline 0.005 -23"><span class='ocrx_word' id='word_1_40' title='bbox 191 927 325 1007; x_wconf 81' lang='lat' dir='ltr'>Namque</span> <span class='ocrx_word' id='word_1_41' title='bbox 349 947 453 989; x_wconf 89' lang='lat' dir='ltr'>omnes</span> <span class='ocrx_word' id='word_1_42' title='bbox 477 947 601 1009; x_wconf 91' lang='lat' dir='ltr'>superos</span> <span class='ocrx_word' id='word_1_43' title='bbox 624 937 655 990; x_wconf 89' lang='lat' dir='ltr'>et</span> <span class='ocrx_word' id='word_1_44' title='bbox 677 937 777 990; x_wconf 87' lang='lat' dir='ltr'>cetera</span> <span class='ocrx_word' id='word_1_45' title='bbox 799 929 908 1008; x_wconf 89' lang='lat' dir='ltr'>templa</span> <span class='ocrx_word' id='word_1_46' title='bbox 932 928 1055 990; x_wconf 90' lang='lat' dir='ltr'>deorum</span> 
     </span>
    </p>

    <p class='ocr_par' dir='ltr' id='par_1_7' title="bbox 191 1016 1188 1186">
     <span class='ocr_line' id='line_1_9' title="bbox 191 1016 1188 1097; baseline 0.006 -22"><span class='ocrx_word' id='word_1_47' title='bbox 191 1016 271 1078; x_wconf 86' lang='lat' dir='ltr'>Ture</span> <span class='ocrx_word' id='word_1_48' title='bbox 294 1018 343 1096; x_wconf 92' lang='lat' dir='ltr'>pio</span> <span class='ocrx_word' id='word_1_49' title='bbox 368 1035 511 1097; x_wconf 90' lang='lat' dir='ltr'>sacroque</span> <span class='ocrx_word' id='word_1_50' title='bbox 535 1037 617 1079; x_wconf 88' lang='lat' dir='ltr'>mero</span> <span class='ocrx_word' id='word_1_51' title='bbox 641 1021 776 1097; x_wconf 83' lang='lat' dir='ltr'>votisque</span> <span class='ocrx_word' id='word_1_52' title='bbox 800 1018 923 1097; x_wconf 72' lang='lat' dir='ltr'>colebat,</span> <span class='ocrx_word' id='word_1_53' title='bbox 1164 1040 1188 1081; x_wconf 74' lang='lat' dir='ltr'>rs</span> 
     </span>
     <span class='ocr_line' id='line_1_10' title="bbox 192 1104 906 1186; baseline 0.001 -20"><span class='ocrx_word' id='word_1_54' title='bbox 192 1104 310 1167; x_wconf 89' lang='lat' dir='ltr'>Oblitus</span> <span class='ocrx_word' id='word_1_55' title='bbox 332 1105 456 1167; x_wconf 89' lang='lat' dir='ltr'>Veneris</span> <span class='ocrx_word' id='word_1_56' title='bbox 479 1110 624 1186; x_wconf 89' lang='lat' dir='ltr'>puerique</span> <span class='ocrx_word' id='word_1_57' title='bbox 648 1107 758 1168; x_wconf 86' lang='lat' dir='ltr'>oblitus</span> <span class='ocrx_word' id='word_1_58' title='bbox 781 1109 906 1167; x_wconf 79' lang='lat' dir='ltr'>Amoris</span> 
     </span>
    </p>

    <p class='ocr_par' dir='ltr' id='par_1_8' title="bbox 192 1195 992 1276">
     <span class='ocr_line' id='line_1_11' title="bbox 192 1195 992 1276; baseline 0.005 -23"><span class='ocrx_word' id='word_1_59' title='bbox 192 1195 268 1254; x_wconf 91' lang='lat' dir='ltr'>Hinc</span> <span class='ocrx_word' id='word_1_60' title='bbox 291 1196 402 1256; x_wconf 88' lang='lat' dir='ltr'>offensa</span> <span class='ocrx_word' id='word_1_61' title='bbox 427 1195 481 1256; x_wconf 91' lang='lat' dir='ltr'>dea</span> <span class='ocrx_word' id='word_1_62' title='bbox 504 1205 558 1275; x_wconf 75' lang='lat' dir='ltr'>est,</span> <span class='ocrx_word' id='word_1_63' title='bbox 582 1197 656 1257; x_wconf 87' lang='lat' dir='ltr'>haec</span> <span class='ocrx_word' id='word_1_64' title='bbox 680 1196 737 1256; x_wconf 83' lang='lat' dir='ltr'>diri</span> <span class='ocrx_word' id='word_1_65' title='bbox 761 1215 849 1257; x_wconf 91' lang='lat' dir='ltr'>causa</span> <span class='ocrx_word' id='word_1_66' title='bbox 872 1198 992 1276; x_wconf 72' lang='lat' dir='ltr'>furoris</span> 
     </span>
    </p>

    <p class='ocr_par' dir='ltr' id='par_1_9' title="bbox 191 1283 1151 1454">
     <span class='ocr_line' id='line_1_12' title="bbox 191 1283 1151 1367; baseline 0.004 -24"><span class='ocrx_word' id='word_1_67' title='bbox 191 1283 268 1344; x_wconf 92' lang='lat' dir='ltr'>Hinc</span> <span class='ocrx_word' id='word_1_68' title='bbox 292 1303 410 1363; x_wconf 89' lang='lat' dir='ltr'>quoque</span> <span class='ocrx_word' id='word_1_69' title='bbox 433 1293 536 1364; x_wconf 90' lang='lat' dir='ltr'>partus</span> <span class='ocrx_word' id='word_1_70' title='bbox 559 1305 642 1346; x_wconf 92' lang='lat' dir='ltr'>amor</span> <span class='ocrx_word' id='word_1_71' title='bbox 665 1285 803 1347; x_wconf 82' lang='lat' dir='ltr'>redeunti</span> <span class='ocrx_word' id='word_1_72' title='bbox 826 1285 863 1346; x_wconf 90' lang='lat' dir='ltr'>ad</span> <span class='ocrx_word' id='word_1_73' title='bbox 887 1293 966 1347; x_wconf 89' lang='lat' dir='ltr'>tecta</span> <span class='ocrx_word' id='word_1_74' title='bbox 985 1295 1151 1367; x_wconf 84' lang='lat' dir='ltr'>parentum,</span> 
     </span>
     <span class='ocr_line' id='line_1_13' title="bbox 192 1373 960 1454; baseline 0.005 -22"><span class='ocrx_word' id='word_1_75' title='bbox 192 1373 296 1433; x_wconf 83' lang='lat' dir='ltr'>Infelix</span> <span class='ocrx_word' id='word_1_76' title='bbox 319 1373 452 1453; x_wconf 81' lang='lat' dir='ltr'>Perdice,</span> <span class='ocrx_word' id='word_1_77' title='bbox 475 1374 531 1434; x_wconf 89' lang='lat' dir='ltr'>tibi</span> <span class='ocrx_word' id='word_1_78' title='bbox 554 1409 596 1416; x_wconf 96' lang='lat'><strong>—</strong></span> <span class='ocrx_word' id='word_1_79' title='bbox 620 1394 688 1436; x_wconf 91' lang='lat' dir='ltr'>nam</span> <span class='ocrx_word' id='word_1_80' title='bbox 712 1392 809 1454; x_wconf 85' lang='lat' dir='ltr'>nuper</span> <span class='ocrx_word' id='word_1_81' title='bbox 830 1375 960 1436; x_wconf 81' lang='lat' dir='ltr'>Athenas</span> 
     </span>
    </p>

    <p class='ocr_par' dir='ltr' id='par_1_10' title="bbox 191 1461 1190 1632">
     <span class='ocr_line' id='line_1_14' title="bbox 192 1461 1190 1546; baseline 0.006 -26"><span class='ocrx_word' id='word_1_82' title='bbox 192 1461 319 1523; x_wconf 88' lang='lat' dir='ltr'>Venerat</span> <span class='ocrx_word' id='word_1_83' title='bbox 342 1470 372 1524; x_wconf 91' lang='lat' dir='ltr'>et</span> <span class='ocrx_word' id='word_1_84' title='bbox 396 1463 503 1524; x_wconf 83' lang='lat' dir='ltr'>studiis</span> <span class='ocrx_word' id='word_1_85' title='bbox 526 1465 640 1524; x_wconf 87' lang='lat' dir='ltr'>animos</span> <span class='ocrx_word' id='word_1_86' title='bbox 663 1464 824 1542; x_wconf 77' lang='lat' dir='ltr'>praebebat</span> <span class='ocrx_word' id='word_1_87' title='bbox 846 1471 876 1525; x_wconf 91' lang='lat' dir='ltr'>et</span> <span class='ocrx_word' id='word_1_88' title='bbox 900 1482 988 1526; x_wconf 89' lang='lat' dir='ltr'>aures</span> <span class='ocrx_word' id='word_1_89' title='bbox 1012 1488 1071 1546; x_wconf 81' lang='lat'>—3</span> <span class='ocrx_word' id='word_1_90' title='bbox 1164 1486 1190 1526; x_wconf 77' lang='lat' dir='ltr'>eo</span> 
     </span>
     <span class='ocr_line' id='line_1_15' title="bbox 191 1551 1035 1632; baseline 0.004 -21"><span class='ocrx_word' id='word_1_91' title='bbox 191 1551 268 1612; x_wconf 93' lang='lat' dir='ltr'>Hinc</span> <span class='ocrx_word' id='word_1_92' title='bbox 291 1571 409 1631; x_wconf 86' lang='lat' dir='ltr'>quoque</span> <span class='ocrx_word' id='word_1_93' title='bbox 433 1551 602 1630; x_wconf 85' lang='lat' dir='ltr'>regreditur</span> <span class='ocrx_word' id='word_1_94' title='bbox 624 1555 729 1614; x_wconf 89' lang='lat' dir='ltr'>matris</span> <span class='ocrx_word' id='word_1_95' title='bbox 751 1556 903 1632; x_wconf 90' lang='lat' dir='ltr'>periturus</span> <span class='ocrx_word' id='word_1_96' title='bbox 927 1572 1035 1614; x_wconf 91' lang='lat' dir='ltr'>amore.</span> 
     </span>
    </p>

    <p class='ocr_par' dir='ltr' id='par_1_11' title="bbox 191 1640 911 1722">
     <span class='ocr_line' id='line_1_16' title="bbox 191 1640 911 1722; baseline 0.004 -22"><span class='ocrx_word' id='word_1_97' title='bbox 191 1640 297 1700; x_wconf 79' lang='lat' dir='ltr'>Infelix</span> <span class='ocrx_word' id='word_1_98' title='bbox 321 1643 372 1720; x_wconf 89' lang='lat' dir='ltr'>qui</span> <span class='ocrx_word' id='word_1_99' title='bbox 395 1641 553 1722; x_wconf 81' lang='lat' dir='ltr'>Cecropias</span> <span class='ocrx_word' id='word_1_100' title='bbox 576 1661 656 1702; x_wconf 90' lang='lat' dir='ltr'>nuuc</span> <span class='ocrx_word' id='word_1_101' title='bbox 680 1642 791 1703; x_wconf 91' lang='lat' dir='ltr'>deserit</span> <span class='ocrx_word' id='word_1_102' title='bbox 813 1661 911 1704; x_wconf 88' lang='lat' dir='ltr'>arces:</span> 
     </span>
    </p>

    <p class='ocr_par' dir='ltr' id='par_1_12' title="bbox 190 1729 1098 1900">
     <span class='ocr_line' id='line_1_17' title="bbox 190 1729 1098 1812; baseline 0.003 -22"><span class='ocrx_word' id='word_1_103' title='bbox 190 1730 253 1790; x_wconf 93' lang='lat' dir='ltr'>lam</span> <span class='ocrx_word' id='word_1_104' title='bbox 276 1729 385 1810; x_wconf 92' lang='lat' dir='ltr'>praeda</span> <span class='ocrx_word' id='word_1_105' title='bbox 409 1739 455 1791; x_wconf 89' lang='lat' dir='ltr'>est</span> <span class='ocrx_word' id='word_1_106' title='bbox 477 1730 614 1812; x_wconf 82' lang='lat' dir='ltr'>Veneris3</span> <span class='ocrx_word' id='word_1_107' title='bbox 637 1733 697 1792; x_wconf 91' lang='lat' dir='ltr'>iam</span> <span class='ocrx_word' id='word_1_108' title='bbox 720 1731 847 1792; x_wconf 91' lang='lat' dir='ltr'>flammis</span> <span class='ocrx_word' id='word_1_109' title='bbox 871 1740 958 1811; x_wconf 89' lang='lat' dir='ltr'>atque</span> <span class='ocrx_word' id='word_1_110' title='bbox 982 1735 1098 1811; x_wconf 83' lang='lat' dir='ltr'>sagittis</span> 
     </span>
     <span class='ocr_line' id='line_1_18' title="bbox 191 1820 930 1900; baseline 0.004 -21"><span class='ocrx_word' id='word_1_111' title='bbox 191 1821 329 1880; x_wconf 79' lang='lat' dir='ltr'>Armatus</span> <span class='ocrx_word' id='word_1_112' title='bbox 352 1821 449 1881; x_wconf 86' lang='lat' dir='ltr'>tenuit</span> <span class='ocrx_word' id='word_1_113' title='bbox 472 1839 593 1881; x_wconf 91' lang='lat' dir='ltr'>servans</span> <span class='ocrx_word' id='word_1_114' title='bbox 616 1823 675 1881; x_wconf 93' lang='lat' dir='ltr'>iter</span> <span class='ocrx_word' id='word_1_115' title='bbox 697 1839 784 1881; x_wconf 94' lang='lat' dir='ltr'>omne</span> <span class='ocrx_word' id='word_1_116' title='bbox 808 1820 930 1900; x_wconf 85' lang='lat' dir='ltr'>Cupido.</span> 
     </span>
    </p>

    <p class='ocr_par' dir='ltr' id='par_1_13' title="bbox 191 1907 1189 2077">
     <span class='ocr_line' id='line_1_19' title="bbox 192 1907 1189 1989; baseline 0.003 -21"><span class='ocrx_word' id='word_1_117' title='bbox 192 1907 290 1969; x_wconf 90' lang='lat' dir='ltr'>Lucus</span> <span class='ocrx_word' id='word_1_118' title='bbox 315 1917 378 1970; x_wconf 88' lang='lat' dir='ltr'>erat</span> <span class='ocrx_word' id='word_1_119' title='bbox 400 1911 490 1969; x_wconf 90' lang='lat' dir='ltr'>variis</span> <span class='ocrx_word' id='word_1_120' title='bbox 513 1910 544 1970; x_wconf 93' lang='lat' dir='ltr'>in</span> <span class='ocrx_word' id='word_1_121' title='bbox 568 1909 731 1988; x_wconf 81' lang='lat' dir='ltr'>frondibus,</span> <span class='ocrx_word' id='word_1_122' title='bbox 755 1909 888 1989; x_wconf 88' lang='lat' dir='ltr'>undique</span> <span class='ocrx_word' id='word_1_123' title='bbox 912 1918 1040 1989; x_wconf 89' lang='lat' dir='ltr'>saeptus,</span> <span class='ocrx_word' id='word_1_124' title='bbox 1164 1932 1189 1972; x_wconf 82' lang='lat' dir='ltr'>as</span> 
     </span>
     <span class='ocr_line' id='line_1_20' title="bbox 191 1997 939 2077; baseline 0.004 -20"><span class='ocrx_word' id='word_1_125' title='bbox 191 1997 286 2067; x_wconf 82' lang='lat' dir='ltr'>Quem</span> <span class='ocrx_word' id='word_1_126' title='bbox 308 1998 420 2058; x_wconf 89' lang='lat' dir='ltr'>Phoebi</span> <span class='ocrx_word' id='word_1_127' title='bbox 442 1998 563 2077; x_wconf 88' lang='lat' dir='ltr'>Daphne</span> <span class='ocrx_word' id='word_1_128' title='bbox 586 1999 664 2060; x_wconf 91' lang='lat' dir='ltr'>foliis</span> <span class='ocrx_word' id='word_1_129' title='bbox 689 1998 795 2060; x_wconf 85' lang='lat' dir='ltr'>diffusa</span> <span class='ocrx_word' id='word_1_130' title='bbox 818 1999 939 2060; x_wconf 85' lang='lat' dir='ltr'>tenebat</span> 
     </span>
    </p>

    <p class='ocr_par' dir='ltr' id='par_1_14' title="bbox 190 2086 923 2166">
     <span class='ocr_line' id='line_1_21' title="bbox 190 2086 923 2166; baseline 0.003 -20"><span class='ocrx_word' id='word_1_131' title='bbox 190 2086 228 2146; x_wconf 88' lang='lat' dir='ltr'>Et</span> <span class='ocrx_word' id='word_1_132' title='bbox 251 2095 364 2166; x_wconf 87' lang='lat' dir='ltr'>myrtus</span> <span class='ocrx_word' id='word_1_133' title='bbox 386 2087 522 2166; x_wconf 85' lang='lat' dir='ltr'>Paphies‚</span> <span class='ocrx_word' id='word_1_134' title='bbox 546 2090 673 2166; x_wconf 89' lang='lat' dir='ltr'>speciosi</span> <span class='ocrx_word' id='word_1_135' title='bbox 696 2091 782 2149; x_wconf 89' lang='lat' dir='ltr'>testis</span> <span class='ocrx_word' id='word_1_136' title='bbox 805 2087 923 2166; x_wconf 81' lang='lat' dir='ltr'>ddonis,</span> 
     </span>
    </p>

    <p class='ocr_par' dir='ltr' id='par_1_15' title="bbox 190 2174 1044 2257">
     <span class='ocr_line' id='line_1_22' title="bbox 190 2174 1044 2257; baseline 0.005 -23"><span class='ocrx_word' id='word_1_137' title='bbox 190 2174 409 2255; x_wconf 89' lang='lat' dir='ltr'>Egrediturque</span> <span class='ocrx_word' id='word_1_138' title='bbox 433 2176 496 2236; x_wconf 95' lang='lat' dir='ltr'>solo</span> <span class='ocrx_word' id='word_1_139' title='bbox 519 2177 647 2237; x_wconf 92' lang='lat' dir='ltr'>fundens</span> <span class='ocrx_word' id='word_1_140' title='bbox 671 2197 724 2238; x_wconf 92' lang='lat' dir='ltr'>sua</span> <span class='ocrx_word' id='word_1_141' title='bbox 747 2177 867 2238; x_wconf 80' lang='lat' dir='ltr'>brachia</span> <span class='ocrx_word' id='word_1_142' title='bbox 890 2180 978 2257; x_wconf 90' lang='lat' dir='ltr'>pinus</span> <span class='ocrx_word' id='word_1_143' title='bbox 1002 2213 1044 2220; x_wconf 96' lang='lat'><strong>—</strong></span> 
     </span>
    </p>

    <p class='ocr_par' dir='ltr' id='par_1_16' title="bbox 191 2264 1052 2346">
     <span class='ocr_line' id='line_1_23' title="bbox 191 2264 1052 2346; baseline 0.002 -22"><span class='ocrx_word' id='word_1_144' title='bbox 191 2264 252 2324; x_wconf 88' lang='lat' dir='ltr'>llac</span> <span class='ocrx_word' id='word_1_145' title='bbox 275 2265 420 2344; x_wconf 81' lang='lat' dir='ltr'>Phrygius</span> <span class='ocrx_word' id='word_1_146' title='bbox 443 2273 545 2344; x_wconf 89' lang='lat' dir='ltr'>pastor</span> <span class='ocrx_word' id='word_1_147' title='bbox 568 2285 712 2345; x_wconf 81' lang='lat' dir='ltr'>spernens</span> <span class='ocrx_word' id='word_1_148' title='bbox 735 2268 766 2325; x_wconf 94' lang='lat' dir='ltr'>in</span> <span class='ocrx_word' id='word_1_149' title='bbox 790 2285 891 2328; x_wconf 87' lang='lat' dir='ltr'>amore</span> <span class='ocrx_word' id='word_1_150' title='bbox 915 2266 1052 2346; x_wconf 80' lang='lat' dir='ltr'>Cybeben</span> 
     </span>
    </p>
   </div>
   <div class='ocr_carea' id='block_1_6' title="bbox 191 2341 1272 2434">
    <p class='ocr_par' dir='ltr' id='par_1_17' title="bbox 191 2341 1272 2434">
     <span class='ocr_line' id='line_1_24' title="bbox 191 2341 1272 2434; baseline -0.002 -22"><span class='ocrx_word' id='word_1_151' title='bbox 191 2352 393 2433; x_wconf 85' lang='lat' dir='ltr'>Desertusqne</span> <span class='ocrx_word' id='word_1_152' title='bbox 415 2356 479 2414; x_wconf 85' lang='lat' dir='ltr'>viro</span> <span class='ocrx_word' id='word_1_153' title='bbox 502 2373 558 2433; x_wconf 92' lang='lat' dir='ltr'>per</span> <span class='ocrx_word' id='word_1_154' title='bbox 579 2362 716 2434; x_wconf 82' lang='lat' dir='ltr'>tympana</span> <span class='ocrx_word' id='word_1_155' title='bbox 739 2355 890 2434; x_wconf 83' lang='lat' dir='ltr'>plangitur</span> <span class='ocrx_word' id='word_1_156' title='bbox 912 2357 988 2416; x_wconf 80' lang='lat' dir='ltr'>attis</span> <span class='ocrx_word' id='word_1_157' title='bbox 1012 2391 1054 2398; x_wconf 95' lang='lat'>-</span> <span class='ocrx_word' id='word_1_158' title='bbox 1162 2377 1188 2418; x_wconf 71' lang='lat' dir='ltr'>so</span> <span class='ocrx_word' id='word_1_159' title='bbox 1271 2341 1272 2392; x_wconf 65' lang='lat' dir='ltr'>l</span> 
     </span>
    </p>
   </div>
   <div class='ocr_carea' id='block_1_7' title="bbox 116 2441 1025 2613">
    <p class='ocr_par' dir='ltr' id='par_1_18' title="bbox 116 2441 1025 2613">
     <span class='ocr_line' id='line_1_25' title="bbox 116 2441 1025 2524; baseline 0.004 -22"><span class='ocrx_word' id='word_1_160' title='bbox 116 2507 119 2511; x_wconf 67' lang='grc'><em>,</em></span> <span class='ocrx_word' id='word_1_161' title='bbox 191 2441 328 2522; x_wconf 88' lang='lat' dir='ltr'>Fonsqne</span> <span class='ocrx_word' id='word_1_162' title='bbox 353 2445 429 2521; x_wconf 89' lang='lat' dir='ltr'>regit</span> <span class='ocrx_word' id='word_1_163' title='bbox 452 2442 550 2504; x_wconf 92' lang='lat' dir='ltr'>medio</span> <span class='ocrx_word' id='word_1_164' title='bbox 573 2452 642 2505; x_wconf 90' lang='lat' dir='ltr'>nota</span> <span class='ocrx_word' id='word_1_165' title='bbox 664 2463 720 2524; x_wconf 91' lang='lat' dir='ltr'>per</span> <span class='ocrx_word' id='word_1_166' title='bbox 742 2446 875 2523; x_wconf 89' lang='lat' dir='ltr'>gramina</span> <span class='ocrx_word' id='word_1_167' title='bbox 897 2445 1025 2524; x_wconf 91' lang='lat' dir='ltr'>lapsum:</span> 
     </span>
     <span class='ocr_line' id='line_1_26' title="bbox 191 2531 822 2613; baseline 0.008 -23"><span class='ocrx_word' id='word_1_168' title='bbox 191 2531 254 2591; x_wconf 91' lang='lat' dir='ltr'>lllic</span> <span class='ocrx_word' id='word_1_169' title='bbox 279 2533 406 2610; x_wconf 90' lang='lat' dir='ltr'>dispersi</span> <span class='ocrx_word' id='word_1_170' title='bbox 428 2531 518 2593; x_wconf 90' lang='lat' dir='ltr'>flores</span> <span class='ocrx_word' id='word_1_171' title='bbox 541 2535 684 2613; x_wconf 83' lang='lat' dir='ltr'>mixtique</span> <span class='ocrx_word' id='word_1_172' title='bbox 708 2533 822 2595; x_wconf 91' lang='lat' dir='ltr'>colores</span> 
     </span>
    </p>
   </div>
   <div class='ocr_carea' id='block_1_8' title="bbox 190 2619 1070 2790">
    <p class='ocr_par' dir='ltr' id='par_1_19' title="bbox 190 2619 1070 2790">
     <span class='ocr_line' id='line_1_27' title="bbox 191 2619 1070 2704; baseline 0.005 -24"><span class='ocrx_word' id='word_1_173' title='bbox 191 2619 367 2700; x_wconf 83' lang='lat' dir='ltr'>Ostendunt,</span> <span class='ocrx_word' id='word_1_174' title='bbox 390 2620 514 2682; x_wconf 91' lang='lat' dir='ltr'>Veneris</span> <span class='ocrx_word' id='word_1_175' title='bbox 538 2622 609 2701; x_wconf 90' lang='lat' dir='ltr'>quid</span> <span class='ocrx_word' id='word_1_176' title='bbox 632 2641 727 2704; x_wconf 80' lang='lat' dir='ltr'>amor3</span> <span class='ocrx_word' id='word_1_177' title='bbox 750 2641 819 2683; x_wconf 89' lang='lat' dir='ltr'>nam</span> <span class='ocrx_word' id='word_1_178' title='bbox 843 2622 985 2684; x_wconf 86' lang='lat' dir='ltr'>candidus</span> <span class='ocrx_word' id='word_1_179' title='bbox 1008 2623 1070 2684; x_wconf 88' lang='lat' dir='ltr'>illic</span> 
     </span>
     <span class='ocr_line' id='line_1_28' title="bbox 190 2709 931 2790; baseline 0.004 -20"><span class='ocrx_word' id='word_1_180' title='bbox 190 2709 258 2771; x_wconf 85' lang='lat' dir='ltr'>Flos</span> <span class='ocrx_word' id='word_1_181' title='bbox 282 2709 439 2771; x_wconf 81' lang='lat' dir='ltr'>Narcissus</span> <span class='ocrx_word' id='word_1_182' title='bbox 463 2720 541 2772; x_wconf 90' lang='lat' dir='ltr'>amat</span> <span class='ocrx_word' id='word_1_183' title='bbox 562 2714 672 2772; x_wconf 84' lang='lat' dir='ltr'>veteris</span> <span class='ocrx_word' id='word_1_184' title='bbox 695 2713 818 2790; x_wconf 89' lang='lat' dir='ltr'>vestigia</span> <span class='ocrx_word' id='word_1_185' title='bbox 842 2713 931 2773; x_wconf 84' lang='lat' dir='ltr'>fontis</span> 
     </span>
    </p>
   </div>
   <div class='ocr_carea' id='block_1_9' title="bbox 188 2899 1154 3681">
    <p class='ocr_par' dir='ltr' id='par_1_20' title="bbox 189 2899 1154 3170">
     <span class='ocr_line' id='line_1_29' title="bbox 262 2899 1149 2956; baseline 0.001 -4"><span class='ocrx_word' id='word_1_186' title='bbox 262 2905 277 2952; x_wconf 83' lang='lat'>9</span> <span class='ocrx_word' id='word_1_187' title='bbox 297 2899 393 2954; x_wconf 89' lang='lat' dir='ltr'>decuis</span> <span class='ocrx_word' id='word_1_188' title='bbox 413 2901 447 2953; x_wconf 91' lang='lat' dir='ltr'><strong><em>H</em></strong></span> <span class='ocrx_word' id='word_1_189' title='bbox 480 2900 549 2954; x_wconf 84' lang='lat' dir='ltr'>deae</span> <span class='ocrx_word' id='word_1_190' title='bbox 567 2916 692 2955; x_wconf 85' lang='lat' dir='ltr'>marcere</span> <span class='ocrx_word' id='word_1_191' title='bbox 710 2900 803 2955; x_wconf 82' lang='lat' dir='ltr'>furore</span> <span class='ocrx_word' id='word_1_192' title='bbox 822 2903 970 2956; x_wconf 79' lang='lat' dir='ltr'>Baehrens.</span> <span class='ocrx_word' id='word_1_193' title='bbox 1039 2906 1072 2954; x_wconf 93' lang='lat'>10</span> <span class='ocrx_word' id='word_1_194' title='bbox 1091 2917 1149 2954; x_wconf 83' lang='lat' dir='ltr'>me-</span> 
     </span>
     <span class='ocr_line' id='line_1_30' title="bbox 189 2970 1114 3038; baseline 0.002 -14"><span class='ocrx_word' id='word_1_195' title='bbox 189 2973 264 3024; x_wconf 78' lang='lat' dir='ltr'>trum</span> <span class='ocrx_word' id='word_1_196' title='bbox 284 2971 319 3024; x_wconf 90' lang='lat' dir='ltr'><em>H</em></span> <span class='ocrx_word' id='word_1_197' title='bbox 384 2978 415 3024; x_wconf 90' lang='lat'>11</span> <span class='ocrx_word' id='word_1_198' title='bbox 436 2970 495 3026; x_wconf 87' lang='lat' dir='ltr'>Nec</span> <span class='ocrx_word' id='word_1_199' title='bbox 514 2971 554 3038; x_wconf 90' lang='lat' dir='ltr'>H,</span> <span class='ocrx_word' id='word_1_200' title='bbox 573 2989 620 3026; x_wconf 88' lang='lat' dir='ltr'>em.</span> <span class='ocrx_word' id='word_1_201' title='bbox 640 2973 782 3026; x_wconf 68' lang='grc'>113111</span> <span class='ocrx_word' id='word_1_202' title='bbox 806 2973 904 3027; x_wconf 79' lang='lat' dir='ltr'>litteris</span> <span class='ocrx_word' id='word_1_203' title='bbox 927 2974 1023 3027; x_wconf 83' lang='lat' dir='ltr'>adme</span> <span class='ocrx_word' id='word_1_204' title='bbox 1041 2973 1114 3026; x_wconf 83' lang='lat' dir='ltr'>datis</span> 
     </span>
     <span class='ocr_line' id='line_1_31' title="bbox 189 3042 1146 3112; baseline 0 -17"><span class='ocrx_word' id='word_1_205' title='bbox 189 3043 291 3096; x_wconf 83' lang='lat' dir='ltr'>iterato</span> <span class='ocrx_word' id='word_1_206' title='bbox 311 3043 346 3097; x_wconf 89' lang='lat' dir='ltr'><em>H</em></span> <span class='ocrx_word' id='word_1_207' title='bbox 377 3042 500 3111; x_wconf 82' lang='lat' dir='ltr'>pollulat</span> <span class='ocrx_word' id='word_1_208' title='bbox 518 3045 557 3110; x_wconf 85' lang='lat' dir='ltr'>H,</span> <span class='ocrx_word' id='word_1_209' title='bbox 576 3060 643 3098; x_wconf 79' lang='lat' dir='ltr'>corr.</span> <span class='ocrx_word' id='word_1_210' title='bbox 659 3061 692 3097; x_wconf 85' lang='lat' dir='ltr'>m.</span> <span class='ocrx_word' id='word_1_211' title='bbox 700 3061 745 3112; x_wconf 85' lang='lat' dir='ltr'>pr.</span> <span class='ocrx_word' id='word_1_212' title='bbox 819 3049 852 3097; x_wconf 79' lang='lat'>12</span> <span class='ocrx_word' id='word_1_213' title='bbox 872 3043 951 3098; x_wconf 90' lang='lat' dir='ltr'>Neue</span> <span class='ocrx_word' id='word_1_214' title='bbox 970 3043 1030 3097; x_wconf 88' lang='lat' dir='ltr'>soll.</span> <span class='ocrx_word' id='word_1_215' title='bbox 1047 3045 1087 3109; x_wconf 91' lang='lat' dir='ltr'>H,</span> <span class='ocrx_word' id='word_1_216' title='bbox 1101 3060 1146 3098; x_wconf 82' lang='lat' dir='ltr'>em.</span> 
     </span>
     <span class='ocr_line' id='line_1_32' title="bbox 190 3114 1154 3170; baseline 0.001 -3"><span class='ocrx_word' id='word_1_217' title='bbox 190 3114 288 3168; x_wconf 80' lang='lat' dir='ltr'>Hiller.</span> <span class='ocrx_word' id='word_1_218' title='bbox 322 3114 413 3169; x_wconf 81' lang='lat' dir='ltr'>Nullo</span> <span class='ocrx_word' id='word_1_219' title='bbox 428 3115 528 3169; x_wconf 82' lang='lat' dir='ltr'>iocoue</span> <span class='ocrx_word' id='word_1_220' title='bbox 542 3117 573 3167; x_wconf 82' lang='lat' dir='ltr'>iu</span> <span class='ocrx_word' id='word_1_221' title='bbox 587 3116 623 3168; x_wconf 89' lang='lat' dir='ltr'><strong><em>H</em></strong></span> <span class='ocrx_word' id='word_1_222' title='bbox 668 3120 700 3168; x_wconf 95' lang='grc'>13</span> <span class='ocrx_word' id='word_1_223' title='bbox 715 3114 834 3170; x_wconf 77' lang='lat' dir='ltr'>recussit</span> <span class='ocrx_word' id='word_1_224' title='bbox 848 3119 877 3168; x_wconf 88' lang='lat' dir='ltr'><em>H</em></span> <span class='ocrx_word' id='word_1_225' title='bbox 928 3120 960 3168; x_wconf 85' lang='lat'>14</span> <span class='ocrx_word' id='word_1_226' title='bbox 975 3115 1154 3168; x_wconf 81' lang='lat' dir='ltr'>elterrntH</span> 
     </span>
    </p>

    <p class='ocr_par' dir='ltr' id='par_1_21' title="bbox 188 3183 1152 3681">
     <span class='ocr_line' id='line_1_33' title="bbox 227 3183 1149 3254; baseline 0.001 -17"><span class='ocrx_word' id='word_1_227' title='bbox 227 3191 259 3238; x_wconf 80' lang='grc'>13</span> <span class='ocrx_word' id='word_1_228' title='bbox 279 3183 321 3237; x_wconf 87' lang='lat' dir='ltr'>Tu</span> <span class='ocrx_word' id='word_1_229' title='bbox 340 3187 369 3239; x_wconf 78' lang='lat' dir='ltr'>ie</span> <span class='ocrx_word' id='word_1_230' title='bbox 387 3186 491 3254; x_wconf 89' lang='lat' dir='ltr'>proH</span> <span class='ocrx_word' id='word_1_231' title='bbox 538 3191 572 3238; x_wconf 84' lang='lat'>16</span> <span class='ocrx_word' id='word_1_232' title='bbox 592 3185 738 3240; x_wconf 83' lang='lat' dir='ltr'>amoreH</span> <span class='ocrx_word' id='word_1_233' title='bbox 794 3192 826 3240; x_wconf 78' lang='lat'>17</span> <span class='ocrx_word' id='word_1_234' title='bbox 847 3186 964 3240; x_wconf 85' lang='lat' dir='ltr'>duriH</span> <span class='ocrx_word' id='word_1_235' title='bbox 1020 3186 1149 3240; x_wconf 69' lang='grc'>181111-</span> 
     </span>
     <span class='ocr_line' id='line_1_34' title="bbox 188 3256 1082 3327; baseline 0.003 -19"><span class='ocrx_word' id='word_1_236' title='bbox 188 3259 257 3310; x_wconf 81' lang='lat' dir='ltr'>unte</span> <span class='ocrx_word' id='word_1_237' title='bbox 276 3258 308 3311; x_wconf 88' lang='grc' dir='ltr'><em>Η</em></span> <span class='ocrx_word' id='word_1_238' title='bbox 375 3263 408 3310; x_wconf 87' lang='grc'>19</span> <span class='ocrx_word' id='word_1_239' title='bbox 427 3256 546 3311; x_wconf 83' lang='lat' dir='ltr'>Infoelix</span> <span class='ocrx_word' id='word_1_240' title='bbox 564 3259 600 3311; x_wconf 87' lang='grc' dir='ltr'><em>Η</em></span> <span class='ocrx_word' id='word_1_241' title='bbox 631 3257 746 3327; x_wconf 84' lang='lat' dir='ltr'>perdica</span> <span class='ocrx_word' id='word_1_242' title='bbox 764 3259 806 3312; x_wconf 81' lang='lat' dir='ltr'>bis</span> <span class='ocrx_word' id='word_1_243' title='bbox 824 3259 860 3312; x_wconf 96' lang='lat' dir='ltr'><em>H</em></span> <span class='ocrx_word' id='word_1_244' title='bbox 892 3257 1027 3311; x_wconf 77' lang='lat' dir='ltr'>aetherias</span> <span class='ocrx_word' id='word_1_245' title='bbox 1046 3258 1082 3311; x_wconf 94' lang='lat' dir='ltr'><em>H</em></span> 
     </span>
     <span class='ocr_line' id='line_1_35' title="bbox 190 3329 1079 3398; baseline 0.003 -18"><span class='ocrx_word' id='word_1_246' title='bbox 190 3333 222 3380; x_wconf 81' lang='lat'>22</span> <span class='ocrx_word' id='word_1_247' title='bbox 243 3343 390 3396; x_wconf 84' lang='lat' dir='ltr'>cecropeas</span> <span class='ocrx_word' id='word_1_248' title='bbox 409 3330 444 3382; x_wconf 93' lang='lat' dir='ltr'><em>H</em></span> <span class='ocrx_word' id='word_1_249' title='bbox 517 3335 549 3382; x_wconf 81' lang='grc'>21</span> <span class='ocrx_word' id='word_1_250' title='bbox 569 3329 689 3382; x_wconf 62' lang='lat' dir='ltr'>mmuh]</span> <span class='ocrx_word' id='word_1_251' title='bbox 713 3330 731 3381; x_wconf 80' lang='lat' dir='ltr'>i.</span> <span class='ocrx_word' id='word_1_252' title='bbox 753 3330 789 3383; x_wconf 97' lang='lat' dir='ltr'><em>H</em></span> <span class='ocrx_word' id='word_1_253' title='bbox 863 3335 896 3383; x_wconf 78' lang='lat'>25</span> <span class='ocrx_word' id='word_1_254' title='bbox 916 3331 1079 3398; x_wconf 66' lang='lat' dir='ltr'>tuomum</span> 
     </span>
     <span class='ocr_line' id='line_1_36' title="bbox 189 3398 1085 3466; baseline 0.002 -14"><span class='ocrx_word' id='word_1_255' title='bbox 189 3404 222 3452; x_wconf 80' lang='lat'>26</span> <span class='ocrx_word' id='word_1_256' title='bbox 243 3398 320 3462; x_wconf 83' lang='lat' dir='ltr'>Qnee</span> <span class='ocrx_word' id='word_1_257' title='bbox 338 3398 424 3466; x_wconf 89' lang='lat' dir='ltr'>phebi</span> <span class='ocrx_word' id='word_1_258' title='bbox 443 3398 518 3453; x_wconf 86' lang='lat' dir='ltr'>solus</span> <span class='ocrx_word' id='word_1_259' title='bbox 538 3400 640 3453; x_wconf 79' lang='lat' dir='ltr'>dafuae</span> <span class='ocrx_word' id='word_1_260' title='bbox 659 3399 767 3453; x_wconf 73' lang='lat' dir='ltr'>difussas</span> <span class='ocrx_word' id='word_1_261' title='bbox 786 3401 821 3454; x_wconf 98' lang='lat' dir='ltr'><em>H</em></span> <span class='ocrx_word' id='word_1_262' title='bbox 893 3405 927 3453; x_wconf 76' lang='lat'>27</span> <span class='ocrx_word' id='word_1_263' title='bbox 946 3399 1030 3454; x_wconf 80' lang='lat' dir='ltr'>tectis</span> <span class='ocrx_word' id='word_1_264' title='bbox 1049 3401 1085 3454; x_wconf 94' lang='lat' dir='ltr'><em>H</em></span> 
     </span>
     <span class='ocr_line' id='line_1_37' title="bbox 189 3469 1152 3541; baseline 0.004 -20"><span class='ocrx_word' id='word_1_265' title='bbox 189 3474 223 3521; x_wconf 83' lang='lat'>28</span> <span class='ocrx_word' id='word_1_266' title='bbox 242 3469 423 3539; x_wconf 81' lang='lat' dir='ltr'>Erigiturque</span> <span class='ocrx_word' id='word_1_267' title='bbox 442 3471 583 3524; x_wconf 79' lang='lat' dir='ltr'>Baehrens</span> <span class='ocrx_word' id='word_1_268' title='bbox 653 3476 686 3522; x_wconf 79' lang='grc'>29</span> <span class='ocrx_word' id='word_1_269' title='bbox 705 3471 785 3525; x_wconf 82' lang='lat' dir='ltr'>Hune</span> <span class='ocrx_word' id='word_1_270' title='bbox 803 3471 924 3541; x_wconf 85' lang='lat' dir='ltr'>frigidus</span> <span class='ocrx_word' id='word_1_271' title='bbox 943 3472 979 3525; x_wconf 93' lang='lat' dir='ltr'><em>H</em></span> <span class='ocrx_word' id='word_1_272' title='bbox 1011 3471 1099 3525; x_wconf 91' lang='lat' dir='ltr'>ebebe</span> <span class='ocrx_word' id='word_1_273' title='bbox 1117 3471 1152 3525; x_wconf 91' lang='lat' dir='ltr'><em>H</em></span> 
     </span>
     <span class='ocr_line' id='line_1_38' title="bbox 190 3540 1113 3613; baseline 0.004 -21"><span class='ocrx_word' id='word_1_274' title='bbox 190 3545 223 3593; x_wconf 83' lang='lat'>30</span> <span class='ocrx_word' id='word_1_275' title='bbox 244 3540 434 3608; x_wconf 78' lang='lat' dir='ltr'>Desectusque</span> <span class='ocrx_word' id='word_1_276' title='bbox 452 3541 543 3593; x_wconf 88' lang='lat' dir='ltr'>virum</span> <span class='ocrx_word' id='word_1_277' title='bbox 563 3543 712 3608; x_wconf 79' lang='lat' dir='ltr'>Baehrens,</span> <span class='ocrx_word' id='word_1_278' title='bbox 730 3541 819 3596; x_wconf 77' lang='lat' dir='ltr'>reete?</span> <span class='ocrx_word' id='word_1_279' title='bbox 890 3547 923 3596; x_wconf 84' lang='grc'>31</span> <span class='ocrx_word' id='word_1_280' title='bbox 943 3542 1019 3613; x_wconf 77' lang='lat' dir='ltr'>riget</span> <span class='ocrx_word' id='word_1_281' title='bbox 1037 3543 1113 3596; x_wconf 79' lang='lat' dir='ltr'>Ellis</span> 
     </span>
     <span class='ocr_line' id='line_1_39' title="bbox 189 3612 1151 3681; baseline 0.004 -19"><span class='ocrx_word' id='word_1_282' title='bbox 189 3612 264 3664; x_wconf 81' lang='lat' dir='ltr'>torte</span> <span class='ocrx_word' id='word_1_283' title='bbox 286 3626 337 3678; x_wconf 87' lang='lat' dir='ltr'>per</span> <span class='ocrx_word' id='word_1_284' title='bbox 360 3613 463 3665; x_wconf 77' lang='lat' dir='ltr'>conieci</span> <span class='ocrx_word' id='word_1_285' title='bbox 497 3615 575 3665; x_wconf 77' lang='lat' dir='ltr'>mole</span> <span class='ocrx_word' id='word_1_286' title='bbox 593 3613 694 3666; x_wconf 79' lang='lat' dir='ltr'>Ziebeu</span> <span class='ocrx_word' id='word_1_287' title='bbox 730 3612 812 3681; x_wconf 83' lang='lat' dir='ltr'>lapsa</span> <span class='ocrx_word' id='word_1_288' title='bbox 829 3615 864 3667; x_wconf 92' lang='lat' dir='ltr'><em>H</em></span> <span class='ocrx_word' id='word_1_289' title='bbox 935 3619 968 3667; x_wconf 83' lang='grc'>34</span> <span class='ocrx_word' id='word_1_290' title='bbox 986 3613 1097 3667; x_wconf 89' lang='lat' dir='ltr'>ueneris</span> <span class='ocrx_word' id='word_1_291' title='bbox 1116 3613 1151 3667; x_wconf 96' lang='lat' dir='ltr'><em>H</em></span> 
     </span>
    </p>
   </div>
   <div class='ocr_carea' id='block_1_10' title="bbox 0 0 1296 3924">
    <p class='ocr_par' dir='ltr' id='par_1_22' title="bbox 0 0 1296 3924">
     <span class='ocr_line' id='line_1_40' title="bbox 0 0 1296 3924; baseline 0 0"><span class='ocrx_word' id='word_1_292' title='bbox 0 0 1296 3924; x_wconf 95' lang='lat' dir='ltr'> </span> 
     </span>
    </p>
   </div>
  </div>
 </body>
</html>
