2598 3922
171 193 234 258 128
499 193 527 248 O.
543 200 603 261 654,
614 209 701 248 ara-52.
722 193 749 262 O.
765 199 816 246 665

168 346 289 440 Euryali
313 369 342 421 et
365 360 430 421 Nisi
454 360 558 421 caedes
583 369 612 421 et
635 361 693 420 fata
717 367 872 438 canuntur,

169 449 287 511 Fecerit
309 450 442 511 inclusus
466 453 571 510 castris
595 469 670 528 quae
694 451 798 510 funera
821 448 949 510 Turnus.
1146 473 1176 512 4⁰

639 634 671 687 X

168 751 312 812 Panditur
334 751 460 830 interea]
486 752 600 812 caelum
625 759 786 830 coetusque
810 749 941 811 deorum.

168 840 230 901 lam
254 840 332 901 redit
354 840 467 902 Aeneas
492 849 521 900 et
543 840 638 901 Pallas
663 842 807 900 sternitur
830 858 906 900 acer.

169 929 288 1009 Eripuit
309 930 383 990 luno
406 929 548 1008 Turnum,
572 929 727 1009 Lausoque
751 937 904 1009 parentem

170 1018 285 1080 Adiecit
308 1021 446 1079 comitem
469 1022 574 1079 mortis
598 1019 754 1098 Cythereia
776 1018 883 1096 proles.

627 1203 678 1258 XI

170 1321 286 1382 Oceano
310 1324 425 1382 interea
449 1340 573 1400 surgens
596 1322 722 1400 Aurora]
747 1321 864 1381 videbat

170 1410 296 1471 Mezenti
321 1410 405 1471 ducis
429 1413 548 1471 exuvias
572 1429 733 1490 caesosque
757 1410 872 1471 sodales

172 1499 207 1560 Et
231 1500 347 1560 Latium
369 1519 509 1578 proceres
532 1499 683 1561 Diomedis
708 1499 785 1560 dicta
809 1501 931 1578 referre,

170 1588 246 1648 Tum
270 1589 364 1668 qualis
387 1607 503 1668 pugnae
527 1588 666 1650 succedat
689 1589 812 1649 Etrusca
831 1587 967 1649 ¹Camilla.

620 1773 688 1828 XII

171 1892 289 1952 Turnus
312 1899 345 1952 ut
367 1892 521 1970 infractos]
548 1891 628 1970 [hos]
652 1891 726 1952 vidit
750 1899 779 1951 et
801 1890 933 1969 undique
958 1910 1068 1970 caesos,

170 1981 251 2041 Vltro
274 1980 471 2041 Anchisiaden
494 1980 572 2042 bello
595 2000 650 2061 per
673 1980 792 2041 foedera
815 1983 925 2061 poscit3

170 2069 251 2140 Quae
275 2070 395 2130 Iuturna
419 2079 504 2148 parat
528 2071 706 2152 convellere3
731 2078 776 2130 set
798 2077 897 2129 tamen
921 2071 1012 2130 armis

170 2158 286 2219 Occidit
310 2167 340 2218 et
362 2167 481 2237 pactum
505 2159 592 2239 liquit
615 2178 683 2220 cunr
708 2161 833 2236 coniuge
857 2177 990 2236 regnum.

622 2423 687 2488 655

116 2601 142 2640 Β,
156 2601 181 2639 Π
196 2600 240 2640 185·
544 2558 760 2626 Epigramma

117 2654 233 2747 fifh
248 2708 293 2747 179.
438 2670 630 2735 Aversor
655 2670 865 2736 onnsnnrs

171 2871 278 2933 Nescio
302 2870 374 2950 quid
397 2872 528 2949 fugiente
552 2873 657 2948 anima,
681 2890 741 2931 non
764 2878 868 2949 sponte
892 2871 945 2931 sed
968 2871 1034 2931 altis
1060 2899 1114 2951 sqq.

243 3067 285 3114 39,
305 3067 339 3112 44
358 3061 400 3132 y]i
419 3062 450 3114 E
520 3064 554 3114 43
573 3060 713 3128 Lausique
731 3061 762 3114 E
796 3060 943 3128 Lausoque
964 3062 1062 3131 Heyce

171 3139 205 3187 45
225 3132 367 3186 Oceanum
385 3133 422 3200 Ε,
441 3132 556 3198 fortasse
573 3133 732 3202 genuinum,
753 3149 917 3200 quamquam
935 3137 992 3185 tam
1010 3133 1136 3200 ineptum

172 3210 296 3272 quanio
312 3209 359 3258 37:
387 3205 421 3271 cs.
438 3205 507 3258 Aeo
527 3205 577 3258 XI
590 3209 603 3256 1
677 3209 711 3256 48
730 3203 832 3257 Volsca
860 3205 892 3258 L.
906 3203 1026 3257 Mueller

171 3281 205 3328 49
224 3274 275 3327 hos
294 3275 357 3328 add.
373 3275 520 3328 Buecheler
555 3275 675 3329 uidisset
693 3275 759 3328 und
780 3291 856 3328 cesos
875 3276 906 3328 Ε
969 3279 1002 3326 50
1021 3292 1044 3346 p
1063 3274 1135 3342 phe-

172 3346 238 3399 dere
257 3347 287 3400 Ε
358 3350 395 3398 51
412 3346 546 3398 diuturna
564 3347 623 3407 Ε
601 3347 623 3380 ²
642 3353 710 3400 reete
728 3365 763 3400 nr
782 3363 823 3413 pr.
897 3350 932 3398 60
950 3345 1042 3414 liquid
1061 3347 1135 3399 Ε.

172 3507 229 3560 D.
224 3421 294 3558 ’ld
293 3435 470 3488 monostica'
462 3452 492 3486 111
510 3435 591 3488 libris
610 3436 741 3488 aeneidos
756 3435 792 3500 E,
812 3452 880 3504 quae
894 3435 980 3488 eide
968 3452 1000 3488 cc
1017 3451 1101 3489 carm
1119 3441 1133 3488 1

203 3523 247 3558 eeu
268 3523 294 3558 e

210 3649 212 3653 Ι
243 3575 313 3630 655.
346 3577 443 3631 Vide
431 3595 463 3629 cu
481 3594 501 3630 c.
518 3583 578 3644 672,
589 3583 686 3646 2hsqq
