2586 3922
583 238 611 293 G.
627 244 687 308 893,
698 254 778 294 at-ca

339 405 401 466 Nec
424 405 564 485 languere
589 407 661 466 sinit
684 425 741 466 nec
763 410 876 486 patitur
899 425 1006 468 moras.

411 495 460 555 Sic
483 513 564 555 mors
588 503 656 555 ante
679 495 759 556 luem
782 497 872 556 venit.

339 583 483 644 Plaustris
507 583 698 645 subdideram
721 585 807 645 fortia
833 602 957 664 corpora

339 671 496 733 Lectorum
520 673 628 751 studio,
652 691 710 752 quo
733 676 825 752 potui,
848 673 947 752 houm,

338 761 429 832 Queis
452 769 568 821 mentes
591 764 736 840 geminae,
760 780 890 823 consona
912 762 1028 824 tinnulo

410 849 563 911 Concentu
586 850 774 930 crepitacula,

339 939 426 1000 Aetas
450 939 614 999 consimilis
638 948 778 1019 saetaque
802 940 948 1019 concolor,

338 1028 532 1090 Mansuetudo
557 1028 669 1108 eadem,
694 1029 785 1090 robur
808 1029 887 1090 idern
911 1030 967 1090 fuit

339 1116 376 1177 Et
400 1118 505 1179 latum:
529 1117 627 1178 medio
651 1137 720 1178 nam
744 1121 804 1179 ruit
827 1136 934 1197 aggere

411 1207 469 1267 Par
491 1210 602 1267 victum
625 1207 714 1286 parili
736 1226 819 1267 nece.

339 1295 450 1356 llollito
473 1299 593 1375 penitus
617 1297 695 1357 larra
719 1295 824 1356 dabam
848 1296 926 1356 solo:

341 1383 444 1463 Largis
468 1387 565 1464 putris
589 1392 653 1446 erat
676 1385 778 1464 glaeba
802 1385 976 1464 liquoribus,

341 1473 444 1534 Sulcos
467 1473 619 1554 perfacilis
643 1477 717 1534 stiva
741 1474 917 1552 tetenderat,

411 1562 563 1642 Nusquam
587 1582 689 1624 vomer
711 1564 892 1624 inhaeserat:

340 1651 453 1713 Laevus
477 1653 531 1713 bos
555 1651 652 1713 subito
676 1651 786 1713 labitur
809 1655 931 1731 impetu,

279 1801 282 1808 ,
340 1740 443 1802 Aestas
467 1760 556 1820 quem
580 1740 724 1801 domitum
747 1741 865 1801 uiderat
888 1741 988 1802 altera.

340 1829 468 1891 Tristem
492 1833 632 1891 continuo
657 1830 773 1908 disiugo
797 1832 962 1910 coniugem,

412 1919 459 1979 Nil
482 1921 541 1980 iam
564 1919 631 1999 plus
655 1928 792 1980 rnetuens
815 1919 898 2000 mali3

339 2007 423 2069 Dicto
447 2008 500 2069 sed
523 2010 612 2069 citius
636 2011 830 2087 consequitur
852 2027 965 2087 necem,

341 2098 465 2177 Semper
488 2101 539 2177 qui
562 2099 660 2158 iuerat
682 2094 801 2178 [sanus]
826 2107 857 2158 et
879 2100 1008 2179 integer3

340 2186 424 2247 Tunc
447 2187 543 2265 longis
567 2189 704 2266 quatiens
727 2186 778 2247 ilia
800 2187 935 2266 pulsibus

411 2276 528 2336 Victum
553 2276 689 2355 deposuit
712 2283 807 2355 caput.

269 2409 275 2423 .
341 2363 448 2442 Angor,
473 2364 647 2443 discrucior,
670 2382 798 2443 maereo,
823 2364 916 2442 lugeo.

338 2451 460 2514 Damnis
484 2456 593 2533 quippe
617 2457 678 2514 tuis
702 2472 761 2514 non
785 2472 872 2514 secus
896 2472 929 2513 ac
953 2455 1028 2514 meis

339 2541 446 2603 Pectus
470 2544 634 2603 conficitur.
681 2541 733 2602 sed
757 2551 856 2604 tamen
879 2542 1008 2603 arbitror

411 2631 511 2692 Salvos
535 2650 600 2691 esse
624 2649 729 2710 greges
752 2628 829 2691 tibi?

270 2766 276 2780 .
340 2720 413 2780 llluc
437 2719 526 2780 teudo
549 2723 651 2798 miser,
675 2739 733 2799 quo
758 2738 863 2798 gravor
885 2721 992 2781 acrius.

340 2809 413 2870 Nam
438 2809 569 2870 solamen
592 2817 657 2869 erat
678 2809 724 2870 vel
746 2811 904 2869 minimum
927 2809 1007 2887 mali,

340 2900 372 2960 Si
396 2900 492 2960 letura
517 2898 601 2959 daret
622 2900 771 2977 posterior
793 2898 876 2977 mihi,

411 2987 495 3058 Quod
518 3005 661 3067 praeseus
685 2990 784 3065 rapuit
806 2987 880 3047 lues.

340 3076 398 3138 Sed
422 3079 489 3156 quis
512 3095 582 3137 vera
604 3083 697 3156 putet7
720 3079 894 3155 progeniem
917 3094 1035 3155 quoque

340 3167 508 3226 Extinctam
530 3163 664 3245 pariter?
687 3165 748 3226 vidi
772 3184 826 3244 ego
850 3183 992 3225 cernuam

339 3255 471 3315 lunicem
495 3253 653 3334 gravidam,
675 3255 737 3315 vidi
760 3257 873 3315 animas
898 3254 969 3314 duas
1013 3261 1015 3266 '

278 3483 311 3531 35
330 3477 430 3532 frontis
450 3479 601 3532 Heumann
708 3485 742 3532 43
762 3478 922 3547 perfacilis
941 3479 1083 3534 Baehrens

205 3554 348 3675 ⁵1?ssssssssss
371 3550 435 3602 add.
461 3550 592 3604 Pithoeus
618 3551 649 3602 a'n
676 3567 737 3620 mg,
765 3567 815 3604 on.
845 3553 872 3604 P
978 3555 1011 3603 58
1030 3549 1087 3622 vel]
1117 3566 1170 3606 nec
