2586 3922
424 211 452 266 6.
468 215 613 278 eece-10.
641 210 670 266 c.
685 216 826 267 eea-eac
1049 211 1113 275 317

217 376 348 436 Mactans
372 386 470 438 aerato
495 379 641 458 conspicit
663 379 791 456 ingenio.

148 465 286 544 Deriguit
308 467 414 527 mirate
437 485 543 527 necem
567 467 718 547 satumque
741 470 849 528 veneni

216 554 313 615 Vertit
336 563 365 615 et
388 557 420 615 in
443 563 570 616 mortem
595 554 705 616 decidit
727 559 792 636 ipsa
814 556 898 636 lapis.

149 643 199 704 Sic
221 661 365 722 praesens
389 644 556 724 absensque
580 645 669 706 simul
693 663 873 725 caecumque
895 644 1023 705 videndo

109 758 134 796 ιο
217 731 307 794 Ludit
330 740 361 793 et
382 735 486 812 ignaro
510 741 612 813 raptor
635 734 671 794 ah
695 733 780 795 hoste
804 734 889 795 redit

601 925 666 992 888

494 1049 561 1104 Vide
579 1065 655 1102 6666
673 1066 695 1104 6.
711 1053 775 1102 761·

600 1299 665 1365 869

145 1427 290 1489 Pulcinus
312 1427 401 1488 milvo
426 1427 496 1487 dum
518 1435 690 1507 portaretur
713 1424 793 1489 ‘hoc’
815 1431 914 1508 inquit

216 1513 290 1577 ‘lam
314 1515 396 1595 cado,
419 1535 458 1577 ne
481 1519 600 1598 timeas3
624 1536 683 1578 non
707 1524 789 1578 tenet
835 1561 842 1578 .
888 1564 896 1578 .
942 1563 950 1577 .
997 1561 1004 1576 .

342 1617 353 1639 Ι

145 2033 240 2096 Roma
262 2032 363 2094 labore
386 2032 457 2112 vigil
481 2033 570 2111 fregit
593 2031 779 2112 Carthaginis
803 2051 901 2094 arces:

214 2121 335 2183 Desidia
358 2124 473 2183 interiit
494 2121 587 2183 Roma
611 2121 737 2182 subinde
761 2124 829 2183 cito.

219 2353 235 2400 6
255 2349 332 2400 erato
350 2347 408 2402 eod.
445 2346 560 2416 ingenio
578 2348 597 2400 i.
608 2363 628 2400 e,
644 2347 714 2414 dole,
732 2348 854 2402 sollertia
872 2346 902 2399 in
916 2347 1023 2416 gremio
1036 2347 1111 2402 Ellis

147 2419 155 2431 ⁶
144 2418 288 2487 melipeo
307 2419 457 2474 Buecheler
530 2417 691 2487 7Diriguit
707 2419 765 2473 eod
803 2417 964 2473 miraritme
981 2420 1111 2473 mirando

144 2491 267 2559 aspicere
339 2495 480 2544 Smorem
498 2490 555 2544 cod.
574 2492 693 2543 mortem
710 2491 810 2558 accipet
845 2505 934 2544 rorem
955 2491 1031 2544 Ellis

146 2567 226 2615 610
244 2567 277 2615 66
294 2560 333 2614 ad
351 2563 480 2616 Perseum
498 2563 650 2629 spectantia
673 2566 772 2630 posted
793 2562 875 2629 penit
891 2562 1040 2616 Buecheer

146 2633 298 2686 9abssens
330 2633 387 2687 eod.
430 2649 554 2699 eecumq
582 2632 639 2686 cod.
666 2647 821 2700 caecusque
848 2633 914 2702 (6.6
942 2649 999 2687 ezec
1025 2633 1110 2702 vises)

145 2705 290 2758 Baehrens
363 2709 396 2758 10
416 2706 529 2772 sepetor
547 2703 583 2756 ab
602 2706 662 2757 oste
681 2704 738 2759 cod

218 2808 288 2864 868.
321 2811 359 2864 16
388 2809 452 2865 Ood.
478 2811 642 2865 Valentiaeco
666 2814 717 2863 696
745 2826 813 2864 saec.
828 2810 879 2864 IX
897 2827 937 2864 ec.
965 2811 1014 2876 fol,
1034 2815 1068 2864 66
1077 2827 1110 2876 6.,

142 2882 315 3008 sacceam,
342 2887 374 2934 66
404 2881 474 2934 mihi
499 2882 591 2936 666666
618 2887 665 2947 est,
692 2882 796 2935 saeculi
820 2882 887 2934 XV.
963 2881 1111 2952 1666]66

218 3058 277 3113 870
296 3064 321 3113 et
338 3056 395 3111 871
425 3059 513 3112 eeod.
535 3058 661 3114 Gothacc
690 3059 761 3113 anci
780 3063 848 3112 1496
877 3059 1042 3114 Decebnerue
1069 3060 1109 3113 ecl.

145 3135 262 3184 61828.
301 3130 529 3199 0111696666666
547 3131 580 3184 de
599 3131 707 3185 civitate
725 3131 770 3184 dei
782 3131 804 3183 I
815 3135 848 3183 30
870 3129 981 3184 Deleta
995 3130 1110 3183 Cartha-

143 3202 212 3272 gine
230 3203 313 3254 canta
332 3200 408 3254 mela
427 3201 560 3254 continuo
580 3201 730 3255 subsecuta
749 3204 827 3269 sunt,
849 3204 883 3255 ut
901 3201 1022 3256 Romani
1047 3217 1109 3271 per-

147 3273 208 3326 dita
235 3273 401 3342 integritate
428 3273 504 3326 vitae
529 3271 686 3326 crudeliore
713 3289 750 3340 pa
751 3273 887 3326 terentur'
908 3281 933 3327 et
923 3275 1010 3328 tIII
1023 3279 1066 3340 21,
1085 3280 1111 3328 et

146 3345 298 3412 Appianue
320 3345 411 3433 praef
427 3349 459 3396 11
490 3341 657 3414 ὙΡωμαῖοι]
686 3344 769 3468 ἀρετῇ
800 3345 848 3396 καὶ
876 3343 1030 3419 φερεπονίᾳ
1061 3345 1110 3398 καὶ

144 3413 320 3490 ταλαιπωρίᾳ
338 3413 447 3477 πάντας
466 3415 658 3485 despicate..
675 3413 779 3485 ,έμχρι
796 3413 915 3485 βεβαίως
931 3399 1107 3485 decetneeccc'

218 3521 287 3576 878.
321 3527 336 3573 2
357 3521 458 3590 supina
476 3522 631 3576 Buecheler.
