2586 3922
579 153 607 208 (l.
623 159 763 208 898-901

641 317 706 381 898

531 439 599 493 Vide
617 457 693 494 uuue
715 457 736 495 e.
754 443 812 493 too.

132 619 159 658 Β.
167 619 192 660 Π
200 620 245 660 252.
260 618 292 659 M.
303 621 350 659 849.
641 621 706 684 899

133 672 160 711 Β.
175 674 196 712 v
209 674 256 714 tor.

494 742 702 809 CORNELII
726 743 849 810 CELSI

187 873 339 934 Distantes
362 872 469 934 Medioi
493 873 669 952 quandoque
693 882 723 934 et
744 873 889 953 Apollinis
913 884 992 934 artes

254 962 352 1023 Musas
376 962 507 1023 Romano
531 965 672 1022 iussimus
696 981 748 1022 ore
772 963 862 1042 loqui.

187 1051 249 1112 Nee
273 1055 372 1112 minus
396 1058 441 1111 est
463 1050 549 1112 nobis
572 1069 626 1130 per
649 1069 743 1131 pauoa
765 1051 915 1112 volumina
938 1053 1044 1131 lamae,

254 1140 349 1211 Quam
373 1159 446 1219 quos
470 1140 551 1201 nulla
574 1143 646 1201 satis
668 1140 848 1201 bibliotheca
872 1143 958 1220 capit.

134 1333 247 1372 multi.
262 1331 343 1372 Mlti
641 1332 706 1396 900

132 1386 159 1425 Β.
174 1387 195 1425 v
208 1387 255 1426 aar.

571 1454 767 1521 MODESTI

553 1575 603 1629 De
625 1573 787 1628 Lucretia

187 1692 288 1770 Roma,
311 1691 366 1752 tihi
389 1691 560 1771 ambiguum
583 1709 647 1752 mea
672 1710 753 1751 mors
777 1694 841 1752 sine
864 1699 941 1753 teste
966 1691 1105 1770 dedisset,

255 1782 341 1842 Esset
363 1788 465 1842 utrum
488 1788 521 1841 ut
545 1798 652 1859 corpus
676 1783 720 1840 sio
744 1780 891 1842 scelerata
912 1784 1018 1842 anima.

187 1870 278 1931 Proin
302 1873 430 1931 animam
453 1877 547 1931 testor
571 1869 667 1930 scelus
691 1869 770 1930 haud
792 1873 936 1948 tetigisse,
960 1870 1013 1931 sed
1037 1889 1116 1948 eoae,

254 1960 291 2020 Vt
314 1959 409 2020 solum
433 1959 552 2020 ioedum
576 1966 622 2019 est
644 1977 761 2037 eorpus
786 1967 816 2019 et
839 1959 870 2019 id
894 1959 982 2038 lodie,

188 2047 251 2118 Qua
275 2066 364 2108 eruor
387 2048 531 2110 inlliotam
554 2048 651 2108 labem
675 2048 751 2109 lavet
774 2056 803 2108 et
827 2067 882 2127 per
905 2056 1007 2128 aperta
1183 2072 1196 2110 a

254 2137 378 2198 Pectora
401 2137 437 2197 ab
461 2140 556 2198 invisa
580 2140 619 2198 sit
642 2138 711 2215 fuga
735 2136 806 2198 sede
831 2141 954 2199 animae.

134 2327 348 2368 ramesmere.
640 2329 703 2394 901

132 2382 159 2421 B.
174 2381 194 2420 v
208 2383 255 2422 soa.

514 2452 660 2518 TVLLI]
684 2452 826 2519 MAROI

188 2580 317 2642 Callidus
340 2580 411 2641 Afer
434 2583 494 2642 eris
518 2599 644 2661 semper,
668 2581 798 2642 Romane
823 2573 962 2659 dise'rtus,

255 2671 380 2750 Semper
403 2669 484 2732 Galle
507 2673 600 2749 piger,
625 2689 744 2750 semper
767 2670 876 2731 Hibere
900 2670 988 2730 celer.

258 2876 423 2931 saa-912.
457 2878 530 2931 P=
545 2877 759 2948 Epipuommutu
787 2884 812 2932 et
835 2878 975 2947 poematia
1001 2882 1091 2931 uetera
1109 2878 1150 2931 ed.

187 2949 219 3002 P.
240 2951 370 3004 Pithoeus
388 2950 480 3003 Parte.
501 2953 577 3003 1590.
615 2949 749 3003 Editioue
766 2965 815 3004 aee.
835 2967 860 3002 a.
883 2954 951 3002 1596
970 2965 1038 3002 usus
1055 2965 1124 3003 sum.

259 3037 328 3092 899.
362 3040 390 3093 Ρ
403 3055 431 3107 p.
448 3042 490 3092 48.
565 3041 580 3090 1
600 3037 705 3092 Medici
723 3040 742 3092 i.
762 3039 924 3106 Aesculapii
941 3037 1014 3106 App.
1036 3039 1064 3092 P

259 3144 328 3198 999.
361 3146 389 3199 Ρ
402 3163 431 3213 p.
448 3149 481 3198 57
519 3144 560 3198 De
579 3145 709 3198 Lucretio
726 3144 850 3198 Modesti
868 3146 896 3199 P
971 3144 1044 3198 4Et
1063 3146 1151 3199 Klotz

187 3217 228 3287 et]
247 3216 288 3269 ite
307 3217 405 3270 Barth.
478 3216 574 3281 bQuo
596 3215 763 3285 Oudendorp

259 3321 329 3376 991.
362 3324 431 3391 Pp.
448 3328 481 3376 66
501 3325 527 3445 pt
546 3321 644 3391 Ibero).
682 3322 728 3376 Ad
747 3321 872 3377 Seruium
890 3322 928 3376 ud
946 3323 1016 3376 Aeu.
1044 3323 1089 3378 VI
1100 3328 1150 3375 724

188 3393 266 3446 ‘inde
280 3392 363 3446 Afros
381 3393 503 3462 versipel
516 3410 552 3454 os.
568 3392 688 3447 Graecos
707 3393 791 3460 leves,
807 3392 902 3447 Gallos
920 3393 1054 3464 pigrioris
1074 3395 1151 3448 vide-

187 3481 249 3517 mus
276 3464 395 3533 ingenii'
425 3465 508 3519 retuli
533 3481 602 3518 mus.
622 3465 708 3520 Rueu.
729 3469 771 3531 36,
782 3469 842 3518 473,
887 3465 936 3519 Eu
965 3465 1064 3520 Glossa
1093 3467 1149 3520 eod.

189 3537 271 3589 Berua.
292 3540 326 3588 48
358 3551 426 3589 saec.
447 3535 498 3589 XI
522 3533 642 3588 ‘Tullius
668 3535 779 3590 Marcus
808 3534 891 3589 dixit:
926 3535 1050 3590 Graecus
1084 3540 1155 3590 ante·
