2586 3922
443 161 471 216 c.
487 167 547 229 sss,
558 177 645 217 sr-se.
666 160 693 216 c.
710 166 850 216 oso-sse
1066 160 1133 224 359

328 320 416 376 Vivus
435 322 548 389 exarsit,
566 321 688 376 moriens
707 320 838 392 flegrevit

418 401 500 456 Orbis
516 397 550 455 ¹in
568 401 626 455 illo.
679 445 681 452 ,

328 481 391 536 Non
411 483 480 536 setis
499 483 620 535 mundus
639 481 695 535 fuit
713 498 785 534 unns
805 480 859 546 illi,

328 561 387 616 Neo
407 562 476 616 setis
495 563 645 631 quisquam
664 561 720 615 fuit
740 577 810 615 unus
829 560 880 614 illi.

330 642 470 696 Maximus
489 641 621 711 prinoeps
640 643 700 696 sine
718 642 785 696 fine:
805 639 916 695 Bsooho

416 722 493 775 Finis
512 722 542 776 in
561 722 623 792 ipso
642 725 693 778 est.

618 973 683 1038 935
970 954 1075 994 mss,
1083 953 1115 994 m.
1123 955 1182 994 1142.

1061 1008 1087 1047 n.
1102 1007 1123 1047 v
1137 1008 1182 1060 eso.

166 1095 205 1151 Vt
223 1096 353 1166 placidus
371 1099 457 1150 nootu
476 1096 530 1150 tibi
548 1095 699 1165 Morpheus
718 1096 802 1163 adsit,
821 1097 940 1166 oportet,

238 1174 276 1230 Vt
294 1175 390 1230 fecist'
401 1176 509 1232 laetum
528 1176 621 1231 sobrie
640 1176 699 1230 vite
719 1176 802 1231 diem.

166 1255 220 1321 Qui
238 1256 346 1312 laesere
364 1256 450 1324 diem,
468 1256 576 1311 laesere
594 1256 748 1324 tyrannide
766 1257 864 1310 somni.

237 1336 291 1390 Hie
308 1336 406 1402 furies,
425 1354 481 1406 quo
500 1354 530 1392 se
548 1337 681 1402 vindicet,
699 1337 775 1391 ultor
792 1337 887 1391 hebet.

138 1415 250 1471 scaete
268 1416 384 1486 placent
402 1433 512 1483 somn03
531 1416 607 1470 mele
625 1418 692 1470 sunt
708 1416 850 1471 insomnis
867 1420 989 1486 praesto,

236 1497 324 1552 Ebria
342 1496 390 1550 lux
408 1497 499 1552 foedis
518 1513 582 1551 oum
600 1496 657 1551 fnit
674 1499 740 1551 sote
758 1497 836 1552 ioois.

616 1749 681 1813 oss
967 1730 1181 1826 wne-n

165 1871 240 1936 Quos
258 1871 375 1940 peribus
394 1871 489 1925 nutrix
507 1871 606 1925 eedem
625 1871 737 1940 perisse
755 1870 880 1940 popillio,

164 1951 280 2006 Pectore
299 1969 369 2020 quos
389 1969 443 2005 uno
461 1951 584 2021 genitrix
602 1953 729 2020 gestasse
746 1951 891 2020 probetur,

164 2030 298 2086 Diseidiis
316 2031 472 2086 indiscissis
491 2031 521 2084 in
539 2033 638 2084 mutus
657 2047 742 2100 saepe

164 2111 289 2167 Vulnera
307 2129 365 2166 non
381 2128 439 2165 uns
457 2111 576 2181 perituri
595 2111 676 2165 clade
694 2113 818 2166 ruerunt.
838 2144 872 2151 —

136 2191 238 2257 oQuos
256 2195 322 2262 post
339 2192 490 2262 longaevos
510 2190 652 2245 discordis
670 2191 774 2246 deserit
793 2208 890 2259 annos,

163 2271 203 2326 Vt
219 2277 285 2342 post
304 2272 466 2326 commissas
485 2272 635 2326 iunxerunt
653 2271 768 2328 foedere
787 2271 908 2339 dextros,

164 2350 325 2406 Constantis
344 2351 483 2406 dederunt
502 2353 671 2406 doomonte
688 2352 851 2421 frequenter
870 2353 981 2408 amoris.

164 2431 329 2487 Thebanum
347 2430 426 2485 nullo
444 2431 550 2500 linquit
568 2431 730 2486 discrimine
748 2432 874 2500 Tydeus3

163 2511 261 2580 Tydes
279 2510 358 2565 nullo
376 2528 511 2580 umquem
529 2511 677 2580 Polynices
696 2512 787 2568 Morte
805 2512 948 2581 relinquit.

234 2724 304 2780 985.
335 2725 468 2778 Bsrthins
497 2742 595 2780 oomm.
619 2726 649 2779 in
669 2726 740 2780 Stet.
760 2725 825 2782 Silv.
845 2725 906 2780 Vl
932 2726 994 2780 init.
1025 2726 1125 2780 ‘Vetus

163 2795 344 2866 epigramma,
377 2813 393 2851 e
420 2797 590 2851 membranis
623 2797 691 2851 olim
723 2796 843 2866 hospitis
875 2797 964 2850 nostri
992 2796 1125 2853 Coloniae

162 2868 352 2938 Agrippinae,
371 2867 519 2922 Mieheelis
538 2868 705 2934 Mnsoerelli
725 2868 896 2937 descriptum
912 2912 920 2923 ..
935 2911 939 2921 .
957 2870 974 2924 .'
1048 2875 1063 2922 2
1083 2870 1125 2924 fe-

163 2939 241 2992 oient
259 2946 284 2994 et
301 2939 367 2992 vine
386 2940 484 2993 Burni.
559 2945 574 2992 6
593 2939 684 2994 foedis
704 2942 726 2993 b.

234 3046 304 3101 936.
336 3046 377 3100 Id.
396 3047 427 3100 in
446 3046 516 3100 Stet.
531 3045 618 3100 Theb.
632 3047 658 3100 H
673 3051 724 3100 366
745 3045 908 3115 ‘Adseripts
926 3047 1036 3101 minuto
1051 3047 1130 3102 The--

161 3116 254 3172 haidis
274 3117 366 3172 oodioi
383 3117 486 3171 litteris
505 3134 561 3172 non
579 3117 664 3187 plene
682 3117 798 3172 minutis
817 3120 846 3171 et
870 3134 1007 3187 perquem
1024 3121 1124 3174 veteri·

161 3190 227 3255 bus;
246 3192 279 3242 ut
297 3189 385 3244 eodex
403 3189 464 3258 ipss
483 3189 568 3243 etism
581 3205 637 3242 non
657 3207 744 3243 unum
758 3189 883 3243 seculum
901 3189 1019 3244 vivendo
1033 3193 1123 3245 trans·

161 3260 240 3314 misit
260 3303 265 3314 .
282 3303 287 3315 .
304 3260 321 3314 .‘
397 3267 466 3314 1-4
485 3262 523 3315 ad
542 3261 678 3316 Eteoclen
696 3267 721 3316 et
739 3262 897 3331 Polynicen
912 3265 1030 3331 pertinet

162 3331 326 3385 3dissidiis
340 3333 365 3397 b,
383 3349 430 3386 em.
447 3333 595 3387 Buecheler
622 3334 741 3402 saepsb
774 3333 850 3388 saevi
864 3333 963 3388 Bnrm.
1019 3335 1121 3406 lnon]

160 3420 226 3457 mox
253 3404 370 3459 Pierson
415 3420 465 3472 per
483 3403 502 3457 l.
522 3405 548 3458 d.
569 3403 678 3458 dirimit
701 3420 726 3458 e.
746 3406 888 3461 Baehrens
961 3405 1034 3462 eUe
1052 3407 1124 3462 idem

160 3473 219 3527 Aut
250 3476 266 3530 b
353 3473 557 3530 edocumenss
588 3476 751 3545 frequenter
783 3477 894 3532 Amoris
928 3478 1066 3534 dederunt
1094 3481 1122 3545 ὃς

160 3553 295 3614 transpos.
315 3547 472 3600 Burmann.
