2582 3924
169 239 237 303 272
560 239 588 294 C.
606 245 666 309 794,
677 254 758 296 es-oe

238 405 332 477 Quem
355 409 415 468 iam
438 407 518 469 nulla
542 411 627 487 sequi
650 415 770 487 praeter
791 407 915 469 honesta
937 406 1051 487 pudet?

168 495 239 574 Cur,
262 498 392 576 inquam,
415 495 547 576 placuit?
571 497 717 576 dignusne
740 498 858 576 plaeere
881 496 997 577 puellis,

237 585 295 656 Qui
318 605 377 650 uon
402 585 490 646 exilio
514 585 567 646 sed
591 604 680 647 cruce
706 586 812 664 dignus
836 596 908 665 erat,

169 674 284 754 Lapsus
307 676 339 734 in
364 693 504 736 excessus
527 683 633 753 tantos,
656 683 690 736 ut
713 674 793 736 nulla
816 683 936 754 putaret

236 763 389 825 Deteriora
413 763 471 824 lide
495 765 541 824 vel
563 767 679 844 potiora
703 762 799 825 dolis?

167 851 230 913 Cur
253 853 364 932 placuit
387 853 473 914 letale
498 854 588 932 nefas,
612 872 667 915 eur
691 853 820 914 dedecus
843 852 933 932 orbis,

236 941 297 1003 Cur
320 952 379 1004 tam
403 942 546 1002 terribilis
570 942 649 1003 larva
672 942 826 1023 pudorque
850 945 951 1022 patris,

166 1030 226 1101 Qui
249 1049 308 1092 non
332 1039 392 1091 tam
416 1031 548 1112 locuples
571 1032 661 1092 rebus
685 1051 773 1112 quam
796 1050 910 1111 pauper
932 1031 1058 1094 honesto

235 1113 292 1180 ῒ111
313 1122 413 1181 minus
436 1121 555 1181 inlamis
579 1140 668 1202 quam
689 1123 814 1182 vitiosus
838 1119 923 1182 erat?

166 1207 289 1270 Crimen
313 1228 384 1288 opes
407 1209 571 1289 redimunt,
600 1229 669 1271 reus
696 1219 741 1272 est
764 1212 863 1270 crucis
886 1212 983 1270 omnis
1007 1229 1129 1290 egenus,
1147 1233 1175 1272 11

235 1297 273 1358 Et
296 1298 398 1359 laudes
421 1299 574 1359 hominum
597 1307 703 1378 pensat
726 1318 849 1360 acervus
873 1318 970 1378 opum.

165 1386 223 1447 Hie
246 1406 363 1468 quoque
387 1406 443 1449 nec
465 1390 524 1449 vita
547 1407 603 1448 nee
626 1388 780 1448 nobilitate
802 1397 961 1469 parentum

234 1475 296 1536 Nee
319 1479 418 1557 specie
442 1476 560 1556 placuit,
585 1476 637 1538 sed
661 1480 731 1557 quia
756 1476 836 1538 dives
861 1485 932 1538 erat.

165 1564 284 1626 Divitiis
308 1567 439 1626 animum
463 1573 583 1626 tenerae
607 1566 736 1627 turbavit
758 1568 869 1628 amicae

233 1654 409 1734 Divitiisque
432 1663 535 1735 patent
557 1655 659 1716 oscula
682 1674 770 1717 crura
793 1657 885 1716 sinus.

163 1743 228 1804 lam
251 1763 307 1805 nee
331 1762 403 1824 pura
428 1743 502 1804 fides
525 1763 582 1804 nec
604 1744 679 1824 largi
702 1745 794 1824 gloria
818 1762 924 1806 sensus

234 1833 295 1894 Nec
318 1833 449 1912 probitas
472 1851 589 1894 morum
612 1852 668 1894 nee
691 1833 767 1894 hona
791 1834 868 1893 lama
890 1835 983 1894 iuvat:

165 1922 278 1983 Aurum
303 1925 434 1983 sinceras
458 1923 578 1983 solitum
601 1931 790 2002 praevertere
813 1931 929 1984 mentes

233 2011 370 2072 Mortales
394 2013 508 2073 animos
521 2013 563 2072 ⁴in
587 2012 685 2072 scelus
709 2031 795 2072 omne
819 2020 913 2073 vocat

162 2099 277 2160 Aumm
302 2101 372 2161 dum
396 2109 504 2180 speret,
527 2101 571 2161 nil
594 2103 652 2161 iam
675 2109 765 2180 negat
786 2100 924 2162 Hectoris
946 2119 1031 2180 uxor,
1141 2123 1168 2162 11

230 2189 293 2250 lam
315 2189 423 2269 populo
446 2192 529 2268 iungi
553 2191 680 2250 sustinet
704 2209 769 2251 asse
794 2189 869 2251 dato.

162 2277 246 2339 llona
268 2286 369 2339 truces
393 2281 507 2340 animos
531 2287 561 2340 et
583 2279 673 2339 verba
696 2298 798 2340 severa
822 2278 967 2340 relaxant:

229 2367 377 2447 Penelope
401 2367 486 2428 donis
509 2368 601 2429 altera
624 2368 713 2428 Thais
736 2370 801 2429 erit

162 2455 223 2516 Sed
246 2459 304 2517 iam
328 2456 417 2517 Thais
442 2459 498 2517 erit
521 2458 632 2518 lunone
657 2461 789 2519 severior
811 2459 884 2537 ipsa,

232 2545 263 2605 Si
287 2545 382 2605 nullas
405 2545 511 2606 haheat
534 2546 659 2626 pulcher
682 2555 795 2608 amator
817 2566 897 2626 opes.

160 2634 220 2694 Vos
243 2636 335 2712 igitur
357 2636 489 2714 iuvenes,
513 2655 587 2715 quos
610 2635 743 2696 nondum
766 2637 864 2696 fervor
887 2638 997 2696 amoris

229 2723 343 2803 Attigit,
366 2723 485 2784 illamm
508 2723 596 2785 laudo
621 2743 725 2784 cavere
750 2724 840 2786 dolos.

160 2811 237 2873 Nam
260 2812 330 2873 licet
352 2823 465 2892 uratur,
489 2821 588 2873 tamen
611 2815 642 2872 in
666 2813 870 2892 complexibus
893 2813 967 2891 ipsis

228 2902 367 2981 Quaeque
392 2902 545 2963 salictores
569 2904 685 2982 quaerit
706 2902 817 2964 habere
840 2921 940 2963 novos.

232 3241 266 3288 26
285 3220 318 3304 pt
336 3235 377 3306 P]
405 3237 488 3303 peter
506 3236 537 3289 F
607 3240 640 3288 27
659 3251 794 3304 umquam
813 3235 844 3290 F
919 3234 1120 3288 181111110εά.

153 3357 200 3410 pr.
257 3339 429 3407 31011111Ρ
479 3339 623 3412 plfslaouit
647 3343 675 3397 P
707 3341 815 3410 nephas
835 3342 863 3396 P
915 3345 948 3394 33
968 3321 1016 3409 dm
1044 3342 1085 3413 P]

160 3415 241 3482 q(==
256 3413 316 3481 qui)
333 3413 363 3466 F
433 3419 467 3466 34
485 3413 613 3467 informis
641 3414 782 3467 Baehrens
817 3412 907 3467 uicies
926 3414 954 3466 P
1023 3417 1058 3465 to
1079 3429 1123 3466 os·

157 3484 224 3538 eulo
244 3486 355 3538 Bcooet
390 3484 565 3540 1101111ΡῦΊ
654 3484 780 3538 41111111
801 3484 831 3537 F
909 3489 944 3538 43
962 3485 1122 3553 pervertere

159 3555 301 3610 Baehrens
372 3561 406 3608 47
426 3571 524 3609 serena
542 3554 652 3609 relaxat
671 3556 701 3610 F
769 3555 948 3610 41111111111Ί
1017 3560 1051 3609 50
1070 3554 1123 3608 het

157 3628 187 3680 P
221 3625 293 3696 puli
312 3629 341 3681 P
411 3632 444 3681 52
463 3627 557 3697 attigit
576 3629 604 3681 P
673 3632 707 3680 54
727 3628 918 3683 11111011111Ἳ
