2594 3920
532 279 560 333 O.
576 286 637 347 489,
652 295 731 335 00-00
1067 282 1110 344 45

144 447 189 507 Ex
213 466 272 526 quo
297 455 412 507 constet
434 454 468 507 ut
492 454 545 528 est,
569 455 703 507 naturam
728 449 836 507 sumsit
859 455 891 508 ut
915 455 1002 508 esset

145 537 272 615 Semper
290 535 389 614 habet,
408 539 547 615 quoniam
567 555 632 596 esse
657 536 735 614 quod
754 544 877 597 estnon
902 537 1016 597 desinet
1035 556 1109 598 esse.

145 627 222 686 Sunt
245 627 332 704 eique
356 625 445 704 modi,
469 627 520 704 qui
544 633 650 685 cuneta
674 633 825 703 secuntur,
849 625 982 687 adhaesi:

145 715 258 775 Sensus
282 722 314 774 et
336 716 498 793 ingenium,
523 717 607 793 ratio,
630 733 725 793 mens,
749 717 907 794 perspicua
931 734 1006 794 quae

97 817 129 858 ³⁰
143 803 182 864 Et
205 803 311 865 diflusa
334 811 443 882 manet,
467 822 535 863 oum
559 806 652 864 sitin
676 822 801 883 corpore
826 811 899 885 tot03

143 894 285 972 Emigrat,
309 892 490 971 ubicumque
514 895 607 953 aciem
631 896 798 972 porrexerit
822 900 903 954 extra
927 899 930 907 “

144 981 312 1060 Subtilique
336 981 431 1060 oculo,
455 1001 573 1062 quoquo
597 1001 629 1042 se
652 985 785 1061 verterit,
810 982 907 1043 adstat

143 1072 256 1131 iutuitu
280 1073 449 1150 mentisque
474 1071 610 1150 doletque
635 1073 718 1150 eupit
740 1073 914 1152 metuitque,

144 1159 268 1239 Gaudet,
293 1168 322 1220 et
345 1162 400 1219 ista
424 1163 501 1238 gerit
524 1167 609 1240 gestu
634 1163 699 1220 sine
724 1163 857 1240 corporis
880 1161 949 1240 ullo,

98 1261 128 1302 ³⁵
144 1250 182 1309 Vt
206 1249 278 1309 deus
302 1249 468 1309 inmortalis
493 1257 522 1309 et
545 1249 732 1310 intrectabile
756 1250 865 1310 lumen.

142 1339 301 1399 Permanet
325 1341 398 1417 ipsa,
423 1338 496 1399 deus
520 1341 651 1416 minime,
676 1338 782 1399 similis
807 1338 859 1399 sed
882 1341 913 1398 iu
938 1341 1012 1417 istis,

143 1427 269 1506 Nonque
294 1426 342 1486 dei
365 1446 434 1506 pars
459 1426 511 1487 sed
535 1427 641 1487 similis
665 1447 720 1505 per
743 1428 811 1488 talia
835 1428 923 1488 vivit'

143 1517 206 1576 1100
229 1534 299 1576 vero
324 1535 389 1576 esse
413 1515 492 1594 quod
516 1525 562 1576 est
584 1536 746 1596 numquam
772 1516 888 1577 desistit
912 1517 1024 1578 adesse.

142 1605 226 1666 lllius
250 1608 355 1683 igneus
379 1613 425 1666 est
447 1607 538 1684 vigor,
563 1623 599 1666 ex
623 1625 681 1684 quo
705 1606 908 1684 corporealem

98 1707 129 1746 4⁰
143 1693 318 1773 Inspirando
343 1693 420 1755 oalet
443 1713 570 1755 massam
595 1694 702 1755 diffusa
724 1714 779 1774 per
802 1704 892 1756 artus.

143 1784 302 1863 Corporeis
326 1784 397 1844 lieet
420 1785 518 1844 officia
541 1786 633 1862 gestis
657 1787 818 1862 varientur,

143 1873 253 1933 Auditu
276 1875 342 1933 visu
365 1872 474 1934 olfactu
497 1880 578 1933 taotu
603 1892 720 1952 quoque
744 1881 834 1952 motu,

142 1962 194 2023 1110
217 1969 317 2022 tamen
341 1962 481 2041 spirando
506 1963 582 2022 calet
606 1965 774 2040 animatque
799 1961 941 2041 replendo

144 2052 250 2111 Omnia
274 2070 330 2112 neo
353 2043 493 2130 lquidam
516 2045 624 2111 lhabet
647 2058 698 2111 aut
721 2070 776 2111 nee
800 2053 891 2111 sumit
914 2049 950 2110 ab
975 2053 1047 2130 ipsa.

99 2151 128 2191 4⁵
143 2141 277 2220 Namque
302 2139 366 2200 looo
389 2159 447 2200 non
473 2159 615 2220 corporeo
640 2140 827 2201 concluditur
848 2139 922 2200 ullo:

142 2231 196 2290 Est
218 2232 394 2308 incorporea
418 2231 554 2290 informis
578 2229 742 2290 substantia
765 2229 918 2309 quaedam.

142 2321 179 2378 At
203 2318 277 2379 deus
301 2315 391 2378 ‘esse'
416 2318 513 2397 habet,
538 2326 567 2378 et
590 2320 654 2398 fuit,
679 2327 708 2378 et
732 2326 777 2379 est
801 2337 920 2398 semper
943 2321 974 2379 in
997 2319 1057 2398 illo,

141 2409 249 2487 Dispar
272 2409 303 2467 in
326 2407 391 2486 hoo,
415 2407 494 2486 quod
518 2414 624 2468 eunota
648 2415 731 2468 tenet
753 2407 914 2487 perlustrat
938 2417 966 2468 et
995 2409 1107 2489 implet,

143 2497 235 2557 Totus
258 2496 369 2575 ubique
394 2504 551 2576 manetque
575 2507 715 2575 patetque
739 2504 769 2556 et
792 2503 896 2575 regnat
919 2497 1039 2576 ubique.

100 2599 128 2638 ⁵⁰
142 2586 222 2646 Ηο00
247 2593 297 2646 aut
319 2585 400 2664 lapsa
424 2585 513 2646 chaos
537 2593 586 2646 aut
611 2585 647 2646 ad
671 2586 813 2664 [eaelum]
838 2586 895 2646 0110
918 2585 1039 2668 volabit,

142 2675 221 2736 11000
246 2675 308 2734 loea
333 2682 413 2734 sorte
438 2677 524 2754 rapit,
549 2674 602 2734 sed
627 2674 727 2754 dispar
749 2677 822 2735 vivit
844 2677 875 2734 in
899 2674 972 2735 illis:

143 2765 174 2824 Si
197 2764 268 2824 felix
293 2765 392 2842 fuerit,
415 2762 465 2823 hio
488 2771 560 2824 tuno
584 2763 700 2824 felicior
724 2772 811 2843 extat,

144 2853 176 2913 Si
199 2852 312 2931 infelix,
337 2855 425 2913 etiam
449 2853 542 2914 multo
566 2853 713 2914 infelicior
736 2853 806 2914 illio.

214 3083 248 3131 28
267 3078 316 3144 fol.
332 3082 382 3130 128
405 3095 428 3131 r.
448 3080 476 3134 R
535 3079 618 3148 eique
645 3080 680 3144 ef.
700 3081 735 3134 L.
757 3079 882 3134 Mueller.
916 3080 948 3134 de
975 3098 1004 3134 re
1031 3089 1104 3136 otetr.

139 3166 169 3217 p.
184 3154 244 3202 272.
336 3155 370 3203 29
394 3165 448 3216 que
471 3150 499 3204 R
585 3155 619 3204 33
642 3151 705 3217 fort.
728 3149 807 3219 eupit
830 3151 988 3218 metuitque
1016 3153 1105 3207 dolet-

143 3225 216 3288 que?
302 3225 336 3273 39
355 3221 395 3275 eie
413 3223 440 3276 R
522 3227 556 3274 44
575 3238 627 3276 neo
646 3221 803 3290 quidquam
821 3222 896 3276 volet
915 3225 965 3276 aut
984 3223 1106 3278 desumit

140 3297 208 3359 puto
270 3296 304 3345 48
324 3294 410 3345 cunta
428 3293 456 3348 R
522 3295 671 3347 49000001
690 3295 719 3348 01
737 3293 842 3361 ubique
860 3295 941 3362 patei
959 3295 988 3348 01
1006 3299 1106 3364 regnat

142 3362 248 3430 ubique
267 3362 303 3429 R,
331 3380 379 3417 em.
399 3363 554 3418 Buecheler.
665 3369 699 3417 50
718 3364 828 3418 caelum
855 3367 919 3419 odd.
939 3366 1010 3420 idem

144 3439 177 3486 52
195 3433 283 3488 fueris
303 3435 338 3501 R,
357 3436 464 3490 correxi
