2598 3922
179 199 242 264 166
483 198 511 252 G.
527 200 602 266 689³,
616 214 704 255 so—ea.
724 199 752 253 O.
768 206 832 255 683ο

177 366 234 438 Qui
256 366 342 446 pedis
366 365 473 427 offensi
496 366 623 446 lapidem
648 369 740 428 vitare
765 366 895 428 secundo

176 455 278 517 Nescit
301 464 330 516 ct
353 457 491 517 incautus
514 458 623 516 iterum
647 459 796 516 vexaverit
819 464 909 533 artus

175 545 304 625 Imputat
327 547 391 624 ipsc
415 544 473 605 sibi
496 562 553 605 nee
576 544 694 606 casibus
718 547 844 625 imputet
866 543 944 604 ullis.

176 633 298 713 Corrige
324 633 465 695 delictum
489 633 637 713 fidamine,
661 637 777 714 corrige
801 642 944 695 mentem:

177 723 299 785 Suffecit
322 742 447 803 peccare
471 723 571 784 semel.
618 723 727 784 desiste
750 726 860 784 vereri:

176 811 241 873 Non
265 815 323 873 erit
345 814 376 873 in
401 813 495 891 culpa,
519 831 607 891 quem
630 815 763 892 paenitet
785 821 853 873 ante
877 813 980 872 baisse.
1156 826 1187 868 aa

125 1125 277 1168 una-
621 1110 700 1176 ffiffl

243 1235 366 1301 Addere
389 1236 460 1301 libet
481 1255 519 1300 ex
541 1236 652 1301 Marci
676 1237 820 1301 monocbc'
845 1235 1026 1302 Catinensis
1048 1236 1085 1301 de
1107 1235 1140 1300 S.

175 1323 339 1390 Benedleto
352 1326 491 1390 33333333
503 1327 656 1406 quomam
665 1327 709 1390 od
722 1327 939 1406 antiquitatem
952 1325 1140 1406 3333333333

176 1470 269 1531 Caeca
291 1471 462 1550 profanatas
485 1470 597 1532 coleret
620 1471 691 1532 dum
713 1470 800 1532 turba
824 1472 943 1550 figuras,

242 1559 280 1621 Et
302 1559 440 1621 manibus
463 1560 557 1621 factos
581 1559 717 1620 crederet
740 1579 806 1621 esse
831 1560 910 1637 deos,

175 1648 295 1729 Templa
319 1651 449 1710 ruinosis
472 1649 546 1709 haec
569 1648 639 1708 olim
664 1657 814 1711 struxerat
836 1651 905 1729 aris,

242 1738 315 1810 Quis
339 1737 426 1799 dabat
448 1737 576 1799 obsceno
600 1756 684 1798 sacra
708 1747 831 1799 eruenta
853 1738 923 1798 lovi.

176 1826 235 1888 Sed
258 1831 357 1889 iussus
381 1829 504 1888 venicus
529 1845 689 1906 eremoque
712 1836 832 1888 vocatus
856 1827 892 1888 ab
916 1826 973 1888 alta
1169 1842 1183 1883 s

241 1917 381 1996 Purgavit
404 1925 523 1978 sanctus
546 1917 622 1977 hauc
646 1915 825 1977 Benedictus
847 1917 971 1977 humum

175 2004 354 2086 Sculptaque
378 2006 537 2067 confractis
561 2003 669 2067 deiecit
690 2024 839 2065 marmora
862 2007 956 2084 signis

241 2095 278 2154 Et
302 2095 444 2174 templum
468 2097 533 2155 vivo
556 2094 693 2174 praebuit
715 2113 781 2154 3333
804 2093 865 2155 Deo

174 2181 260 2244 Hunc
282 2183 367 2263 plebs
391 2184 481 2245 stulta
503 2184 600 2245 locum
625 2183 773 2263 quondam
795 2185 974 2243 vocitaverat
996 2182 1113 2262 Arcem,
1153 2199 1182 2238 u

241 2272 473 2352 Marmoreisque
497 2292 615 2333 sacrum
637 2273 749 2333 fecerat
774 2290 839 2333 esse
864 2272 927 2332 deis

174 2362 218 2422 nd
242 2380 331 2441 quem
355 2364 482 2423 caecatis
506 2369 640 2422 errantes
663 2361 814 2422 mentibus
837 2360 919 2421 ibaut
1153 2375 1182 2416 ιι

242 2450 378 2530 Improba
401 2451 555 2511 mortifero
579 2449 704 2511 reddere
728 2458 794 2511 vota
816 2450 878 2510 lovi

174 2540 227 2600 nst
249 2541 308 2600 buc
330 2538 476 2619 perducto
500 2539 614 2618 scopuli
637 2558 755 2600 cessere
779 2538 914 2618 rubique,
1153 2553 1183 2594 aa

243 2628 387 2708 Siccaque
410 2628 561 2688 mirandas
585 2636 664 2688 terra
687 2631 796 2690 retexit
818 2646 909 2707 aquas

247 2859 280 2908 82
299 2853 396 2925 ullis]
415 2852 472 2906 illis
493 2851 525 2922 R:
570 2857 604 2906 89
623 2852 758 2906 fidumine
775 2854 878 2907 Iuniae
932 2857 968 2906 84
987 2850 1093 2906 suffieit
1112 2851 1141 2907 R

175 2923 203 2980 0.
224 2923 357 2994 Cypriani
377 2941 474 2979 uersus
498 2924 633 2978 aduersus
656 2923 798 2992 quendem
821 2924 979 2978 senatorem
997 2922 1092 2993 explic
1112 2925 1141 2980 R

246 3030 328 3087 689⁰.
361 3033 410 3087 Ed
438 3048 482 3099 pr.
512 3031 653 3085 Mablllon
680 3032 752 3085 Aeta
780 3031 806 3085 S.
835 3029 938 3085 Bened.
958 3031 1037 3097 Ina,
1065 3031 1142 3084 unde

174 3105 286 3173 sampsi.
323 3104 378 3158 Eat
395 3105 427 3156 in
446 3103 596 3172 Rapioeosi
615 3107 683 3154 126⁷
702 3119 723 3156 a.
737 3101 793 3155 IX.

550 3389 764 3400 ’.μ-.-
