2598 3922
547 243 575 299 0.
593 250 810 312 708-709‚1-a

645 408 709 474 708

431 531 679 597 GERMANICI
706 531 918 598 CAESARIS

137 637 165 730 ἒξ
178 637 352 738 iv¹⁰1³iss⁵⁴²¹²
455 667 511 722 Ad
533 667 691 723 Hectoris
717 667 893 724 tumulum

192 783 297 846 Martia
318 787 486 865 progenies,
509 784 627 865 Hector,
651 786 757 848 tellure
782 787 836 848 suh
860 789 919 847 ima

261 867 332 956 (Fas
355 873 458 935 audire
481 882 581 936 tamen
605 878 632 935 si
654 893 721 936 mea
743 875 833 937 verba
855 870 926 960 tibi)

191 961 327 1043 Respira,
351 966 491 1043 quoniam
513 963 622 1024 vindex
645 963 702 1024 tibi
724 967 848 1044 contigit
870 965 968 1038 heres,

260 1050 318 1122 Qui
340 1055 453 1131 patriae
476 1053 584 1113 famam
607 1054 740 1132 proferat
761 1072 858 1134 usque
879 1061 957 1115 tuae.

191 1139 261 1201 Ilios
285 1159 323 1202 en
347 1143 444 1220 surgit
465 1160 586 1203 rursum
609 1143 720 1222 inclita,
743 1160 817 1221 gens
841 1142 911 1204 oolit
933 1141 1014 1203 illam
1183 1139 1194 1180 ⁵
1275 1173 1276 1176 ¹

259 1228 301 1290 Te
324 1229 417 1292 Marte
440 1231 574 1309 inferior,
597 1231 700 1292 Martis
723 1234 818 1293 amica
840 1239 948 1293 tamen.

192 1317 391 1398 Myrmidonas
414 1323 551 1399 periisse
566 1339 669 1382 omnes
693 1321 740 1382 dio
763 1320 874 1382 Hector
895 1321 1011 1400 Achilli,

260 1407 445 1470 Thessaliam
469 1418 498 1470 ei
520 1412 636 1488 magnis
660 1429 726 1470 esse
750 1410 805 1470 sub
829 1410 983 1471 Aeneadis.

644 1602 708 1666 709

442 1724 641 1791 EIVSDEM
666 1725 912 1792 GERMANIOI

138 1829 213 1924 {2¹13
225 1831 304 1926 ffi'ff'
319 1833 351 1928 ⁶,⁹‘
419 1859 468 1915 De
491 1875 598 1930 puero
622 1861 730 1930 glaeie
752 1864 928 1931 perempto

193 1977 292 2040 Thrax
314 1998 390 2058 puer
412 1975 554 2040 adstricto
577 1980 670 2058 glaeie
695 2000 762 2042 oum
786 1980 903 2041 luderet
925 1979 1033 2060 Hebro,

260 2068 382 2147 Frigore
406 2069 535 2130 frenatas
558 2069 690 2148 pondere
713 2071 795 2149 rupit
818 2088 917 2150 aquas,

193 2258 280 2314 Ama.
297 2259 359 2312 Pal.
375 2259 423 2312 IX
442 2263 505 2312 38⁷:
528 2255 673 2326 Ἀδριανοῦ
693 2256 846 2327 Καίσαρος·
867 2258 894 2313 οἱ
913 2259 944 2314 δὲ
964 2261 1152 2327 Γερμανικοῦ·

222 2342 336 2415 Ἕκτορ,
352 2343 462 2414 Ἀρήϊον
481 2343 559 2417 αἷμα,
577 2347 650 2401 κατὰ
668 2348 776 2418 χθονὸς
794 2346 824 2402 εἴ
838 2367 893 2401 τον
913 2347 1032 2412 ἀκούεις,

283 2421 371 2484 Χαῖρε
389 2418 438 2472 καὶ
456 2417 618 2487 ἄμπνενοον
637 2419 721 2489 βαιὸν
739 2420 811 2487 ὑπὲρ
830 2416 973 2485 πατρίδος.

224 2483 310 2543 Ἴλιον
328 2489 454 2555 οἰκεῖται,
473 2489 567 2558 κλεινὴ
586 2489 674 2556 πόλις,
694 2489 801 2558 ἄνδρας
820 2489 921 2560 ἔχοντα

282 2563 342 2615 Σοῦ
362 2561 412 2629 μὲν
431 2558 651 2630 όφανροτέρονς,
670 2557 730 2614 ἀλλ’
748 2559 786 2616 ἔτ’
804 2559 978 2630 ἀρηϊφίλους.

228 2629 411 2702 Μυρμιδόνες
429 2629 456 2685 δ’
474 2632 624 2687 ἀπόλοντο·
645 2628 800 2699 παρίστατο
818 2633 867 2686 καὶ
885 2628 943 2701 λέγ’
954 2628 1073 2702 Ἀχιλλεῖ,

286 2700 440 2771 Θεσσαλίην
458 2707 574 2758 κεῖσθαι
592 2713 688 2758 πᾶσαν
707 2700 757 2756 ὑπ’
773 2703 932 2767 Αλκεάδαις.
1109 2695 1120 2722 ’

267 2844 333 2899 708.
357 2851 374 2898 4
393 2846 535 2914 praeferat
549 2845 577 2912 S,
591 2863 659 2900 corr.
674 2847 804 2901 Pithoeus
830 2845 955 2914 proferet
968 2847 1034 2900 olim
1046 2846 1152 2914 scripsi.

192 2946 228 2956 -
245 2916 376 2985 Sequitar
395 2915 534 2972 ‘Caesaris
553 2916 588 2972 de
606 2917 687 2971 libris
705 2917 822 2971 Lucani'
844 2919 926 2987 (233),
945 2917 1041 2972 demde

265 3022 333 3078 709.
366 3023 500 3078 Eiusdem
519 3023 678 3078 Germanioi
698 3024 733 3078 de
750 3041 805 3093 sqq.
820 3024 848 3079 S.
885 3025 940 3079 Est
957 3031 1048 3078 autem
1066 3023 1153 3079 Pauli

192 3093 317 3148 Diaeoai
348 3114 366 3149 a
398 3113 451 3164 qao
483 3098 514 3150 m
545 3097 795 3150 commemoratione
826 3097 1010 3150 institutionis
1041 3096 1153 3166 limoaae

195 3163 315 3220 Graecae
329 3184 383 3235 aaa
392 3184 464 3236 puer
481 3183 548 3221 asae
563 3174 622 3221 erat
639 3168 756 3234 affertur
770 3168 821 3235 (Of.
835 3168 936 3221 Poetae
953 3167 1014 3221 aevi
1028 3167 1153 3222 Garoiim'

192 3235 232 3290 ed.
252 3237 411 3292 Daemmler
429 3240 451 3292 I
461 3256 490 3307 p.
506 3241 551 3307 50)
569 3239 623 3292 sie:

246 3324 301 3378 Sed
320 3325 434 3380 omnino
451 3342 488 3380 ne
505 3326 668 3396 linguarum
687 3327 844 3396 dicam-am)
864 3343 925 3382 esse
943 3327 1063 3395 nescius,

245 3395 348 3464 Pauca,
367 3396 438 3450 mihi
456 3413 529 3466 quae
548 3397 662 3451 fuerunt
679 3399 787 3452 tradita
805 3398 931 3467 puerulo,

244 3466 358 3534 Dicam
378 3471 472 3523 cetera
490 3468 624 3536 fugerunt
641 3469 700 3522 iam
719 3471 854 3539 gravante
874 3469 963 3524 senio:

245 3537 287 3591 De
305 3555 393 3607 puero
412 3556 465 3608 sqq.
501 3539 542 3606 Of.
563 3541 637 3593 Ama.
654 3541 751 3608 philol.
773 3545 850 3608 1893,
871 3545 930 3593 764.

263 3626 293 3679 D
307 3653 341 3672 =
356 3629 472 3682 Paulas.
510 3629 538 3681 P
551 3655 583 3673 =
599 3629 749 3682 Parisinus
768 3634 819 3682 528
838 3646 858 3684 s.
874 3629 929 3682 IX.
968 3630 1006 3684 M
1012 3654 1046 3674 =
1058 3629 1151 3683 Masei
