2594 3920
499 268 526 322 C.
543 274 603 334 486,
620 283 712 323 ro-ros

119 433 205 506 Quod
229 437 255 496 si
277 453 437 496 mensurae
460 434 576 514 pondus
601 453 768 514 conponere
793 436 836 495 las
860 441 914 513 est,

77 545 104 585 so
123 524 241 584 Sextari
265 525 388 604 cyathus
411 543 481 603 pars
506 532 551 584 est
575 543 649 604 quae
675 533 719 585 est
743 527 831 585 uncia
854 523 961 605 librae3

120 612 182 674 Nec
206 631 266 673 non
290 613 436 693 oxybaphi
460 613 567 674 similis
591 617 747 674 sescuncia
770 615 830 691 liet,

121 702 335 782 Sicilicumque
359 702 414 763 tibi
438 710 550 781 myslro
575 702 715 763 simulare
740 701 849 762 licebit.

121 789 245 852 Coclear
269 802 436 853 extremum
459 799 505 852 est
529 791 712 871 seripulique
736 791 904 852 imitabitur
926 793 1029 851 instar.

189 880 285 941 Attica
309 888 465 960 praeterea
489 881 630 940 discenda
655 888 700 941 est
723 880 863 959 amphora
887 879 973 940 nobis

78 989 105 1030 as
122 969 183 1030 Seu
207 969 311 1031 cadus:
334 969 412 1030 hane
435 970 536 1048 iacies,
559 978 678 1030 nostrae
703 973 728 1029 si
753 969 899 1029 adieceris
923 987 1037 1030 urnam.

121 1058 172 1118 Est
198 1068 227 1119 et
250 1058 297 1119 bis
322 1058 421 1119 decies
445 1077 534 1138 quem
557 1060 678 1119 conficit
701 1059 841 1138 amphora
865 1066 966 1119 nostra

121 1147 255 1208 Culleus:
279 1148 334 1209 hac
356 1150 453 1208 maior
475 1147 554 1209 nulla
579 1157 625 1208 est
648 1166 788 1209 mensura
811 1147 944 1226 liquoris.

121 1236 175 1297 Est
198 1239 288 1298 etiam
311 1239 401 1298 terris
425 1255 498 1316 quas
523 1236 636 1297 aduena
660 1236 746 1296 Nilus
769 1236 894 1298 inundat

120 1325 238 1404 Artaba,
263 1328 311 1386 cui
334 1335 472 1405 superesi
494 1325 587 1386 modii
609 1344 678 1404 pars
702 1329 790 1386 teriia
813 1333 881 1404 post
904 1333 974 1405 tres,

78 1435 106 1474 eo
122 1413 255 1493 Namque
280 1414 383 1475 decem
406 1415 514 1476 modiis
538 1414 705 1494 explebitur
729 1414 830 1475 artaba
853 1415 969 1493 triplex.

188 1503 263 1564 lllud
286 1511 440 1583 praeterea
463 1511 580 1564 veteres
603 1504 762 1582 perhibere
786 1511 947 1583 memento,

121 1592 253 1652 Finitum
277 1593 393 1672 pondus
416 1595 514 1654 varios
538 1611 657 1653 servare
681 1593 821 1671 liquores.

121 1681 196 1742 Nam
219 1681 323 1761 librae,
347 1690 380 1742 ut
403 1690 577 1760 memorant,
601 1682 719 1743 bessem
743 1684 890 1742 sextarius
915 1681 1004 1759 addit,

122 1772 181 1832 Seu
205 1790 297 1850 puros
320 1770 432 1850 pendas
456 1771 559 1831 latices
584 1789 637 1832 seu
662 1771 735 1831 dona
760 1770 857 1850 Lyaei.

78 1879 105 1918 ss
119 1859 240 1921 Addunt
264 1863 420 1921 semissem
443 1859 536 1920 librae
559 1860 686 1920 labentis
710 1860 803 1920 olivae

120 1949 326 2028 Selibramque
351 1951 450 2010 ierunt
472 1949 569 2010 mellis
593 1967 750 2028 superesse
774 1948 883 2008 bilibri.

120 2038 200 2098 Haec
223 2047 323 2099 tamen
347 2039 476 2100 adsensu
500 2037 579 2098 lucili
603 2045 672 2097 sunt
696 2037 807 2098 credita
832 2037 932 2096 nobis:

120 2127 255 2206 Namque
278 2147 335 2188 neo
358 2136 494 2188 errantes
516 2126 605 2187 undis
628 2126 796 2188 labentibus
821 2144 923 2186 amnes

120 2216 182 2276 Nec
206 2219 299 2277 mersi
321 2219 419 2295 puteis
443 2216 545 2277 latices
570 2224 620 2277 aut
642 2217 723 2275 lonte
747 2217 873 2293 perenni

65 2324 105 2363 1oo
119 2305 273 2366 Manantes
296 2324 351 2385 par
373 2305 490 2384 pondus
509 2305 627 2383 habent,
650 2323 710 2365 non
734 2304 862 2383 denique
886 2306 954 2363 vina

119 2394 201 2467 Quae
226 2397 323 2474 campi
347 2402 377 2454 et
400 2394 490 2454 colles
514 2413 646 2473 nuperve
670 2401 720 2455 aut
743 2401 811 2453 ante
836 2392 940 2454 tulere.

119 2483 204 2554 Quod
228 2482 285 2544 tibi
307 2484 480 2544 mechanica
503 2491 674 2562 promptum
698 2492 744 2543 est
768 2481 953 2561 deprendere
977 2480 1069 2541 Musa.

118 2572 245 2634 Ducitur·
268 2581 390 2651 argento
414 2574 532 2633 tenuive
556 2591 592 2632 ex
616 2591 684 2632 aere
709 2571 868 2650 cylindrus,

118 2662 269 2732 Quantum
293 2665 372 2722 inter
395 2661 488 2721 nodos
511 2661 625 2740 fragilis
648 2661 787 2740 producit
808 2659 953 2734 harundo,

66 2768 104 2806 1⁰5
120 2753 174 2812 Cui
198 2770 274 2812 cono
297 2753 424 2812 interius
447 2750 564 2811 modico
587 2769 657 2829 pars
680 2753 740 2810 ima
763 2757 909 2827 gravatur,

191 2946 226 2995 80
246 2940 276 2993 Si
295 2939 431 2994 sextarios
449 2942 486 3008 A,
513 2957 562 2994 em.
586 2939 713 2994 Holtsch.
759 2938 878 3007 chyntos
897 2938 924 2991 A
970 2939 1013 2991 est
1031 2953 1081 2992 om.

120 3013 184 3067 labri
216 3019 328 3082 prodar
354 3029 374 3065 o
482 3016 515 3065 81
546 3009 722 3079 hoxsebaphi
750 3011 778 3064 A
819 3007 962 3078 oxybaphi
990 3009 1018 3062 A
1050 3025 1083 3062 ea

119 3101 187 3138 corr.
225 3083 310 3136 uncia
329 3085 364 3151 A,
393 3083 541 3137 sexcuncia
560 3084 587 3136 A
606 3099 639 3136 ex
656 3099 725 3136 corr.
812 3086 845 3133 89
865 3080 963 3134 mistro
983 3080 1011 3133 A

121 3160 154 3208 83
174 3153 311 3222 clooleare
330 3155 358 3208 A
444 3159 478 3207 84
498 3154 625 3222 anphora
643 3154 670 3206 A
752 3157 786 3205 88
805 3151 892 3205 iacies
912 3152 948 3216 B,
977 3151 1008 3204 s'n
1025 3167 1082 3204 ros.

120 3225 183 3279 odd.
203 3225 245 3280 A’
326 3229 359 3278 87
378 3225 432 3278 hac
452 3224 677 3280 A¹B2hancA
712 3223 827 3277 maioris
846 3224 873 3277 A
959 3226 993 3274 89
1013 3220 1083 3274 Arta

119 3312 156 3349 ua
176 3299 211 3364 A,
239 3314 287 3351 eos.
308 3296 348 3350 Α*
421 3301 454 3350 99
473 3295 575 3350 modiis
599 3296 661 3349 Bo
688 3294 797 3349 modios
824 3295 856 3347 io
882 3310 936 3347 ras.
959 3291 1000 3346 A*
1037 3309 1082 3346 ex-

118 3368 211 3436 plebit
228 3369 264 3434 A,
289 3385 336 3422 em.
356 3366 398 3422 A²
452 3366 609 3442 illustraris
628 3368 664 3432 A,
688 3383 738 3420 ons.
758 3367 786 3420 Β
844 3371 877 3418 93
896 3364 983 3418 bosen
1001 3364 1029 3417 A

121 3445 154 3492 94
172 3439 291 3507 plaudas
309 3441 346 3506 A,
365 3456 433 3494 corr.
453 3439 494 3493 Α9
567 3443 600 3490 95
620 3437 689 3491 oliui
708 3436 782 3491 A²R
855 3441 888 3490 98
908 3433 1026 3490 errantis
1046 3435 1082 3500 A,

120 3517 204 3565 recte?
259 3516 293 3564 99
312 3511 386 3564 forte
405 3511 431 3564 A
501 3514 552 3563 100
571 3508 719 3561 Manantes
738 3507 812 3562 A²B
836 3505 981 3560 Manantes
1000 3506 1027 3559 A

122 3586 170 3634 101
191 3583 314 3636 etsicA
371 3585 420 3634 102
440 3580 585 3634 mecanica
599 3582 634 3643 A,
654 3598 702 3633 em.
718 3579 759 3632 Α2
814 3583 865 3632 103
884 3575 1081 3630 DiciturA¹B

120 3652 240 3707 Ducitur
257 3653 332 3708 A’B
368 3655 503 3706 tenuasse
522 3653 549 3705 A
587 3651 721 3704 cilindrus
741 3651 768 3704 A
786 3651 885 3716 ubique

173 3751 266 3792 Anthol.
280 3753 352 3793 lst.1.
368 3754 387 3794 2.
905 3741 920 3788 3
