2586 3922
193 165 258 229 312
407 229 408 232 Ἴ
487 165 515 220 0.
531 172 663 233 osen-4.
683 165 712 220 ο.
727 171 868 220 eno-eoo

192 332 243 393 Vis
265 334 371 412 potuit,
394 350 455 392 non
477 333 619 412 Astyages
642 333 809 412 Babylonve
833 333 970 412 superba,

193 421 366 500 Massagetis
390 421 494 482 eadem
516 440 564 483 me
587 423 647 482 sata
671 421 779 483 dedere
802 422 973 483 tremendis.

139 684 284 780 azer-a
646 684 710 751 8⁵⁹

572 821 622 875 De
646 819 783 887 Tomyri

163 997 166 1003 .
194 937 344 1009 Quantum
368 955 421 1016 ego
446 937 605 998 claruerim
628 938 767 999 Mavortis
790 939 822 998 in
846 941 971 1017 agmine,
995 937 1089 1018 Cyrus

193 1028 261 1107 lpse
284 1027 365 1088 ferus
389 1028 479 1104 novit,
502 1029 554 1107 qui
578 1026 648 1088 dum
671 1046 737 1088 mea
760 1046 852 1106 regna
874 1028 1017 1106 profanus

195 1117 373 1196 Spargapise
396 1115 514 1176 insidiis
537 1124 621 1197 rapto
644 1117 816 1196 popularier
839 1116 936 1195 audet,

194 1205 288 1276 Quam
312 1204 447 1284 Tamyris
470 1204 587 1266 turbata
609 1206 696 1285 valet,
720 1207 857 1283 cognovit
879 1207 911 1265 in
933 1213 1009 1266 utre.

143 1469 169 1507 B.
183 1468 209 1507 ΙΙ
223 1469 242 1508 8.
255 1467 287 1507 Μ.
302 1469 348 1509 tot.
647 1467 713 1534 860

142 1522 168 1561 Β.
182 1523 203 1562 V
217 1523 263 1562 tot.

561 1602 620 1667 [De
649 1603 793 1671 myrina]

196 1723 278 1783 lnter
300 1721 502 1798 Amazonidos,
526 1741 599 1801 quas
621 1722 718 1782 insula
742 1721 820 1782 celsa
843 1720 975 1782 Tritonis

196 1811 329 1891 Hespero
353 1813 520 1890 progenuit,
544 1813 595 1890 qui
619 1829 666 1871 me
690 1812 807 1872 nescire
830 1810 974 1889 Myrinam

196 1900 319 1979 Dixerit,
343 1902 480 1978 ignarum
504 1919 570 1960 sese
594 1900 722 1960 fateatur
745 1907 861 1978 oportet

197 1989 330 2050 Eximiae
353 1988 462 2050 laudis:
486 1988 666 2068 Libyamque
689 1989 847 2068 Asiamque
872 1989 985 2067 subegi.

270 2177 338 2233 858.
372 2185 468 2248 tpost
486 2177 573 2247 Cyrus
588 2180 761 2247 interpunxit
775 2179 875 2232 Ziaheo
936 2178 1083 2251 totidem]
1097 2180 1158 2232 tan-

197 2251 264 2304 dem
282 2249 385 2305 Iacobo.

270 2355 339 2411 859.
371 2357 414 2410 Do
433 2355 531 2410 eodem
550 2357 583 2410 Η
663 2355 873 2424 3populariter
891 2357 927 2410 H
1003 2355 1158 2423 4Thamy-

198 2429 237 2482 ris
257 2430 292 2483 H
342 2429 396 2482 Est
414 2430 445 2481 in
470 2428 604 2482 Vaticano
622 2432 692 2482 4999
712 2444 780 2481 eaeo.
797 2427 857 2480 XV
872 2428 960 2481 manate
977 2427 1039 2482 hoe:

518 2517 561 2571 De
582 2516 680 2586 regina
698 2515 838 2570 Thomori.

234 2605 346 2675 Aspice,
365 2605 389 2659 ei
408 2605 571 2659 Thomarim
589 2605 679 2660 sitite
697 2605 851 2658 furibundo
868 2606 1013 2674 potentem

234 2678 279 2730 Ira
296 2676 417 2730 fremens
432 2695 496 2730 eum
509 2678 599 2730 Marte
613 2676 688 2730 tulit.
714 2676 778 2730 Non
793 2676 905 2746 (Nemi)
923 2678 1013 2730 morte
1032 2677 1161 2730 duoeniis
1200 2681 1203 2689 '

235 2749 351 2802 Milibus
371 2748 512 2802 adiunctis
531 2749 625 2802 Zirum
643 2748 780 2803 violenter
798 2748 905 2801 ademit

235 2820 288 2873 iila
305 2818 384 2873 ferox
401 2822 473 2886 iere,
492 2820 572 2874 ouius
591 2819 683 2888 capud
702 2819 765 2888 ipsa
784 2821 930 2873 cruentum

234 2891 384 2960 Imponens
402 2890 486 2945 tolles
505 2890 606 2946 effudit
623 2891 654 2944 in
673 2906 739 2944 aera
756 2907 850 2945 voees:

237 2963 392 3033 ‘Sanguine
406 2962 473 3016 tolle
490 2963 575 3030 sitim,
595 2978 678 3030 quem
692 2961 817 3016 fremdus
827 2961 961 3032 (fervidus
971 2977 1039 3015 corr.
1053 2962 1161 3029 Ziehen)

972 3031 1035 3102 ipse
1054 3033 1159 3086 sitisti!

201 3130 226 3178 et
244 3124 302 3178 olio
320 3123 352 3177 a'd
369 3140 455 3194 penus
482 3123 523 3177 De
549 3122 649 3192 regino
669 3122 825 3189 Semirami,
853 3121 894 3176 De
922 3121 1020 3190 regina
1038 3121 1162 3174 Pantho-

201 3193 273 3248 sileo
290 3201 348 3250 cett.
368 3201 448 3264 atque
466 3197 550 3249 etiam
568 3195 610 3248 De
628 3193 767 3248 Matheldi
786 3193 938 3248 s‘eiissima!

274 3317 342 3373 860.
375 3321 457 3373 tneor.
477 3336 527 3373 om.
548 3320 586 3373 H.
661 3324 780 3386 lquam
799 3320 839 3383 H,
858 3319 965 3372 correxi
982 3317 1026 3386 (ef.
1045 3317 1160 3372 Diodor.

203 3397 228 3457 3,
238 3395 281 3456 53,
291 3392 318 3460 4)
391 3396 406 3442 2
426 3406 483 3444 me:
502 3407 569 3444 num
588 3397 634 3444 se?
673 3390 737 3444 Ood.
757 3391 883 3444 earmina
901 3388 1014 3443 ordinet
1038 3389 1160 3443 14th·

202 3479 303 3528 maram
322 3462 445 3516 ordinent
464 3463 576 3528 mutavi,
594 3469 627 3516 nt
644 3463 711 3516 bina
729 3462 900 3516 cohaererent
917 3461 1050 3514 earmina.
