2582 3924
168 169 235 234 280
553 169 748 238 caonas-a

624 348 672 414 IV

170 461 207 522 At
230 463 329 540 quarti
352 460 422 521 libri
445 469 548 522 narrat
569 479 639 540 pars
662 463 767 540 prima,
791 461 870 540 quod
893 463 947 521 ivit

171 550 280 611 Caesar
303 553 334 611 in
357 551 504 630 Hispanos
528 549 564 610 ad
587 552 668 610 iussa
692 549 842 628 ducesque
866 568 1012 610 reversos.

169 639 294 700 blortem
317 639 414 701 Vultei
438 659 506 700 cum
529 639 631 700 multis
655 638 746 699 altera
769 657 838 718 pars
863 639 920 699 dat.

170 729 288 808 Vltima,
313 728 391 808 quod
413 728 523 789 Varum
546 728 661 808 pepulit
684 747 847 807 campoque
871 729 983 806 lugavit

172 818 271 898 Curio,
294 818 399 879 iraude
422 817 512 879 lubae
536 817 645 879 cecidit
669 819 720 896 qui
744 824 842 895 strage
867 835 999 878 suorum.

637 1008 668 1073 V

170 1120 204 1180 ln
227 1122 324 1200 prima
347 1122 445 1199 quinti
467 1120 608 1199 Pompeio
631 1119 724 1181 Roma
747 1121 877 1198 regenda

170 1209 224 1269 Est
248 1209 323 1270 data.
370 1209 463 1270 multa
486 1212 595 1270 timens
619 1228 673 1288 pro
697 1228 729 1271 se
753 1228 897 1288 responsa
920 1212 1036 1289 recepit

170 1300 297 1380 Appius3
321 1301 441 1377 exponit
464 1317 534 1378 pars
557 1300 693 1377 proxima
716 1297 893 1359 seditionem
1153 1319 1182 1358 ao

171 1386 310 1448 Sedatam
334 1406 437 1467 poena.
483 1406 565 1448 mare
588 1389 707 1448 transiit
729 1387 805 1448 urbe
830 1387 933 1448 relicta

172 1476 290 1556 Caesar,
314 1479 365 1556 qui
389 1483 521 1556 questus,
545 1475 623 1554 quod
646 1495 706 1537 non
727 1477 873 1537 Antonius
896 1476 974 1538 ultra

170 1565 276 1644 lverat,
301 1573 442 1645 expertus
465 1566 523 1625 luit
546 1567 610 1644 ipse
633 1566 767 1644 pericula
790 1568 882 1645 ponti.

170 1654 286 1734 Vltima,
311 1655 390 1734 quod
412 1657 508 1734 posita
532 1657 641 1714 mansit
664 1654 801 1715 Cornelia
825 1654 930 1715 Lesbo.

628 1845 676 1910 VI

173 1955 344 2038 ‘Postquam
368 1956 475 2019 castra'
500 1965 589 2036 notat,
614 1957 693 2037 quod
716 1957 824 2018 Caesar
846 1961 943 2020 victus
967 1958 1003 2019 ab
1025 1959 1114 2020 hoste
1152 1975 1181 2016 aa

173 2047 261 2126 Fugit
283 2050 315 2108 in
338 2047 514 2126 Emathiam,
539 2050 672 2126 quamvis
696 2047 853 2108 clausisset
875 2051 901 2108 is
924 2051 1032 2127 ipsum.

172 2136 248 2197 Hinc
273 2144 302 2197 et
325 2136 508 2197 Thessaliam
533 2155 608 2214 quae
632 2139 672 2196 sit
694 2145 872 2216 gentemque
895 2138 1062 2216 profanam·

172 2224 329 2286 Describit.
377 2224 496 2286 damnat
520 2225 642 2286 Sextum
665 2244 724 2285 non
749 2225 836 2304 digna
859 2234 1018 2305 petentem.

623 2433 687 2499 Vll

175 2543 317 2624 ‘Segnior
336 2542 465 2606 Oceano’
490 2565 561 2607 casu
584 2565 642 2627 quo
665 2545 742 2607 bella
765 2555 910 2624 geruntur

174 2633 313 2696 Ostendit
335 2638 441 2716 primo,
466 2637 509 2697 sic
534 2642 564 2696 et
587 2654 661 2714 quae
686 2634 760 2696 dixit
782 2644 917 2714 uterque.
1152 2656 1181 2696 ao

174 2724 312 2785 Proxima
335 2743 404 2804 pars
427 2725 539 2786 bellum
564 2723 714 2802 describit,
738 2734 768 2785 et
790 2725 903 2804 ultima,
927 2724 1064 2802 Magnum

174 2813 328 2874 Devictum
353 2817 468 2893 cepisse
493 2815 600 2892 lugam.
647 2812 705 2874 Sed
729 2813 837 2876 Caesar
860 2813 1011 2875 habendas

174 2902 318 2964 Militibus
341 2905 517 2964 monstravit
540 2921 611 2982 opes
635 2904 801 2983 castrisque
825 2901 946 2964 recedit.

247 3097 280 3145 23
299 3091 344 3144 Ad
363 3094 394 3146 Ε
428 3093 575 3161 quartaT
616 3108 721 3161 magno
747 3111 813 3162 pars
832 3094 863 3146 E
944 3099 979 3146 24
997 3093 1028 3146 in
1047 3093 1141 3146 Barth

175 3199 223 3268 (ad
241 3200 315 3266 ΕΤ)
388 3205 422 3253 26
441 3198 512 3253 ultei
532 3178 667 3254 damE
736 3206 769 3252 26
788 3200 947 3253 narrumE
1010 3198 1140 3252 atinate

175 3271 206 3324 E
239 3272 329 3324 morte
349 3271 379 3324 E
412 3273 505 3340 strage
526 3271 551 3323 Τ
619 3275 652 3322 29
672 3270 708 3323 Et
726 3272 757 3324 Ε
828 3276 862 3324 30
881 3270 970 3340 Apius
989 3272 1020 3324 E
1055 3269 1139 3324 sedit.

175 3343 312 3410 bucusque
331 3343 362 3396 E
414 3347 446 3394 31
466 3342 569 3396 transit
592 3343 617 3395 T
669 3347 701 3394 33
720 3361 748 3410 p.
763 3342 863 3396 Martis
877 3344 969 3397 Barth
1019 3348 1052 3396 35
1072 3341 1102 3395 P.
1113 3358 1138 3395 c,

176 3412 261 3467 duces
279 3415 416 3481 notatque
435 3429 513 3468 cesar
531 3412 567 3467 ab
587 3413 614 3468 h.
637 3415 662 3467 Τ
696 3415 773 3468 Hinc
791 3416 825 3469 ab
844 3415 914 3484 ipsis
931 3415 1064 3468 labrorum
1082 3415 1139 3466 lni-

175 3485 222 3539 te'ls
240 3486 387 3553 incubitant.
461 3490 494 3537 37
514 3484 654 3553 queritT
723 3491 756 3539 38
776 3486 857 3556 signa
878 3487 1023 3555 potantem
1044 3485 1070 3538 Τ

176 3560 210 3608 33
229 3559 362 3624 gerentur
383 3556 408 3608 T
478 3561 512 3608 43
531 3557 626 3611 mostr.
647 3572 671 3609 ο.
692 3556 809 3625 castriq3
828 3557 934 3610 resedit
955 3559 981 3612 T
