2582 3924
182 193 247 258 228
570 194 598 249 O.
613 200 673 262 742,
682 209 762 250 ss-rs

180 361 222 420 Ac
245 359 394 422 modulate
418 360 512 421 melos
535 364 655 440 pariter,
679 379 846 440 quaesoque
869 363 966 440 pavito

182 448 256 510 Cum
279 450 355 528 pede
378 468 435 509 vox
459 450 591 511 resonet!
636 450 804 530 persultent
826 452 900 510 atria
923 449 1019 529 longa,

181 537 263 608 Quae
286 537 396 599 virides
420 541 544 617 cingunt
566 539 694 600 hederae
718 540 853 618 laurique
878 548 1021 599 coronant

180 627 371 706 Votigerique
394 630 479 706 ignes
502 628 632 689 stellanti
654 628 766 689 lumine
790 627 950 707 complenti

181 716 339 796 Tympana,
363 716 473 777 chorda
496 717 594 796 simul,
617 717 800 796 symphonia,
823 716 904 794 tibia,
927 716 1033 786 buxus,

181 804 327 885 Cymbala,
351 805 533 885 bamhilium‚
557 825 666 867 cornus
690 814 721 867 et
743 805 849 884 fistula,
873 808 1004 884 sistrum,

180 894 321 973 Quaeque
344 913 399 974 per
422 903 536 956 aeratas
560 898 707 976 inspirant
730 897 862 956 carmina
885 895 995 972 lauces,

179 982 307 1044 Humida
330 983 478 1062 folligenis
502 984 668 1045 exclament
691 1003 801 1062 organa
824 983 912 1044 votisl
985 1053 986 1056 Ἴ

248 1073 342 1150 Surge
362 1090 415 1151 age
429 1075 498 1152 iam,
512 1075 637 1152 iuvenis,
653 1073 788 1133 dextram
802 1072 990 1152 conplectere
1005 1090 1140 1151 sponsae,

180 1161 285 1240 Tuque
308 1161 414 1240 puella,
439 1169 527 1242 caput
549 1165 635 1222 niveo
658 1163 803 1223 velamine
826 1169 913 1239 tecta,
1155 1184 1180 1224 es

180 1249 245 1310 Non
270 1258 427 1311 cunctante
450 1251 543 1330 gradu
566 1269 703 1330 gressum
727 1253 869 1311 comitare
892 1252 1002 1311 mariti.

247 1339 348 1419 Teque
372 1342 462 1400 etiam
484 1343 588 1420 paucis
610 1359 793 1418 moneamus
816 1338 959 1419 pronuba,
982 1338 1096 1400 verbis:

181 1427 255 1489 Cum
278 1429 369 1489 luerit
391 1436 511 1489 ventum
535 1429 572 1489 ad
594 1429 739 1490 thalamos
762 1431 952 1509 primumque
976 1427 1082 1505 cubile,

181 1517 227 1578 Sit
249 1517 305 1577 tibi
328 1536 399 1578 cura
421 1519 525 1597 vigens
547 1521 668 1579 innoxia
691 1516 817 1579 reddere
841 1517 973 1579 membra

179 1605 318 1686 VirginiS,
341 1614 376 1668 ut
398 1613 502 1685 totum,
526 1607 605 1686 quod
627 1610 722 1686 possit
744 1606 872 1685 laedere,
896 1606 1006 1667 demas.
1156 1630 1181 1669 ro

180 1694 301 1756 Nullum
325 1698 365 1756 sit
388 1698 486 1776 capiti,
509 1715 568 1776 quo
592 1699 685 1757 crinis
709 1697 844 1774 comitur,
869 1714 982 1773 aurum,

180 1783 242 1845 Nec
265 1784 340 1845 collo
363 1793 503 1846 maneant
524 1788 585 1846 nisi
608 1803 683 1865 quae
707 1793 776 1845 sunt
799 1783 892 1845 laevia
916 1784 972 1863 iila,

179 1873 293 1934 Anulus
317 1881 347 1934 et
370 1873 470 1952 digitis
494 1874 614 1935 tollatur
636 1874 776 1934 mollibus
800 1892 888 1952 asper

179 1963 220 2023 Ac
244 1965 345 2023 niveos
370 1982 441 2024 auro
464 1979 590 2044 propera
614 1962 741 2042 spoliare
765 1963 900 2040 lacertos,

180 2051 232 2129 Ne,
257 2051 327 2112 dum
350 2052 512 2131 proludunt
534 2061 622 2133 atque
645 2052 746 2112 oscula
771 2051 867 2112 dulcia
890 2055 1001 2112 iactant
1155 2073 1179 2112 rs

179 2140 386 2220 Exercentque
409 2144 483 2203 tom's
505 2144 623 2204 veneris
647 2141 795 2201 luctamen
819 2140 966 2218 anhelum,

251 2317 285 2364 66
304 2312 468 2366 modulante
493 2314 560 2379 VM,
579 2329 646 2368 corr.
666 2313 700 2368 L.
717 2313 836 2367 Mueller
880 2327 983 2379 quasso
1007 2311 1106 2378 scripsi

179 2383 214 2449 cf.
239 2384 456 2449 Hor.c.14‚7
494 2400 557 2438 ceso
582 2385 648 2439 VM
681 2385 779 2452 pauito
805 2383 831 2436 V
851 2390 918 2438 teste
945 2383 1055 2438 Loeuio
1090 2396 1140 2449 pa-

178 2455 259 2507 uinio
280 2455 317 2507 M
334 2457 403 2523 (-'1io
422 2473 495 2510 niun.
514 2473 534 2508 s.
551 2456 613 2510 XV
627 2458 658 2509 in
678 2457 714 2524 V)
737 2454 846 2523 pavito:
865 2455 905 2509 sic
924 2455 1064 2509 Paulinus
1082 2453 1141 2506 No-

180 2527 236 2580 lon.
256 2531 352 2592 25‚37.
390 2543 470 2579 caeso
488 2527 651 2594 pavimento
670 2527 806 2580 Heinsius
832 2527 986 2595 pnumento
1005 2526 1106 2592 Haupt

180 2603 213 2650 67
234 2596 364 2665 Conpede
385 2599 423 2652 Μ
456 2596 537 2666 larga
556 2599 618 2651 VM
650 2597 736 2667 longa
754 2597 889 2651 Heinsius
961 2601 995 2650 69
1015 2593 1140 2649 stellanti

179 2667 285 2722 lumine
309 2670 372 2738 Ieep
405 2668 549 2722 stellantia
580 2668 688 2721 lumina
712 2669 775 2723 VM
807 2666 907 2721 limina
935 2668 1069 2721 Heinsius

180 2745 222 2792 60.
238 2744 270 2792 61
299 2739 343 2810 y]i
376 2742 413 2794 M
483 2744 516 2792 60
536 2740 620 2793 corda
652 2740 719 2793 VM
789 2745 821 2792 61
841 2738 1009 2793 bumbilium
1042 2738 1108 2792 VM

179 2810 355 2880 bombylium
374 2812 521 2865 Buecheler
557 2810 732 2878 bombylium
760 2811 826 2865 Birt
862 2809 1037 2863 bombulium
1065 2811 1140 2864 Bur·

180 2899 266 2937 nunu
302 2881 454 3004 βαμβάλιος
472 2881 592 2950 αὐλητής
607 2883 728 2952 Ourillus
746 2884 774 2935 ei
790 2883 860 2936 VM:
881 2897 929 2935 aes
948 2881 1016 2934 Birt
1052 2883 1140 2933 sirum

180 2971 213 3005 ne.
233 2971 283 3008 rec.
303 2955 334 3006 in
386 2977 392 3022 3
417 2954 440 3007 si
464 2954 495 3020 V,
519 2969 569 3007 one.
591 2954 628 3007 M
715 2958 749 3006 62
768 2954 874 3007 erratas
894 2954 933 3007 M
966 2953 1058 3023 pratas
1083 2953 1110 3006 V

179 3041 274 3095 fauces
293 3043 393 3110 Haupt
428 3057 512 3095 uoces
541 3043 614 3096 MV
686 3046 719 3094 63
739 3041 815 3094 Huia
834 3042 872 3095 M
904 3039 1043 3111 folligeris
1068 3041 1140 3105 VM,

180 3129 247 3166 corr.
268 3115 416 3167 Burmann
453 3112 611 3167 exclamant
635 3112 702 3166 VM
734 3112 825 3166 ventis
849 3112 882 3165 L.
904 3112 1033 3166 Mueller:
1061 3111 1140 3164 uocis

185 3183 265 3237 VlM
289 3184 360 3237 votis
383 3185 410 3237 V
425 3202 460 3238 na.
478 3201 527 3238 ecc.
564 3182 659 3236 flabris
682 3201 716 3237 eu
734 3184 876 3238 Aldlcelno
903 3185 1023 3238 conicere
1043 3183 1149 3250 grossis,v

179 3255 214 3320 cf.
234 3256 300 3309 Birt
313 3272 344 3323 p.
361 3256 525 3310 CLXVIII
610 3259 644 3308 64
663 3255 803 3323 copletere
827 3255 853 3308 V
940 3259 974 3306 67
992 3253 1092 3321 Tuque
1112 3295 1140 3309 ..

179 3326 318 3380 monearis
339 3329 376 3380 M
445 3331 478 3379 69
497 3326 597 3396 ingens
615 3327 696 3396 oulpo
769 3331 802 3378 ta
820 3325 932 3378 iaceant
951 3326 989 3379 M
1047 3329 1080 3377 73
1101 3325 1139 3394 et]

180 3397 374 3451 cAlellrelrnus
398 3415 427 3464 p.
444 3398 540 3453 2886.
633 3403 665 3450 75
685 3397 744 3450 Nec
763 3398 801 3451 M
834 3395 895 3450 Neo
919 3398 946 3451 V
987 3395 1141 3465 proludunt

179 3470 277 3536 scripsi
304 3468 349 3537 (cf.
377 3467 454 3523 Ouid.
478 3475 529 3524 art.
554 3486 607 3522 orn.
627 3474 652 3536 3,
663 3469 725 3536 515)
753 3468 813 3522 faro
841 3467 911 3520 ludu
935 3467 973 3534 V;
1000 3484 1050 3522 orn.
1072 3469 1109 3522 M

179 3573 300 3645 iactant]
319 3575 436 3642 captant
454 3575 547 3628 Elelilr.
622 3579 655 3627 76
674 3574 763 3628 thoris
783 3576 821 3629 M
853 3538 986 3628 hunelum
1006 3575 1044 3630 M
1050 3573 1059 3606 ¹
