2586 3922
396 195 574 250 ADDENDA
592 196 639 251 ET
658 196 896 253 conmanunt
1057 198 1121 262 391

163 424 168 432 ,
232 364 305 421 792.
337 363 382 421 De
406 363 556 424 codicibus
578 366 615 425 ef.
638 366 761 426 Notices
784 369 815 425 et
837 367 962 426 extnaits
984 365 1080 441 XXH,
1096 368 1124 441 2,

164 452 227 510 428
252 444 405 534 (Thurot).

234 543 296 600 793
308 559 373 617 sqq.
415 542 451 601 Iu
478 542 545 602 Par.
569 544 653 602 3761
687 543 762 603 haec
793 562 913 619 quoque
949 543 1028 602 inter
1064 542 1125 602 alia

162 629 254 777 Lnledii
286 632 353 690 aevi
385 631 522 691 carmina
553 631 724 692 Martialem
755 632 907 691 imitantia
940 635 1026 691 sunt:
1064 626 1124 711 [Ex

201 738 275 795 ‚pr

181 854 237 922 „(1)
259 851 329 908 otim
350 853 424 908 dices
441 871 510 921 erae,
528 873 604 911 uuae
622 873 649 911 ee
667 857 699 910 de
718 857 801 910 divite
815 871 927 924 pauper

285 925 400 980 Factus.
433 928 502 994 quid
519 927 590 993 facit
606 926 675 982 hoe?
692 929 752 982 ectu
769 927 953 996 superfluitas.

250 997 329 1061 Alea,
348 999 484 1064 Bacchus,
502 1015 580 1052 amor
597 1001 767 1053 meretricum
785 1000 850 1064 feeit
867 1003 998 1069 eqeutem:

287 1069 456 1136 Numquam,
475 1069 524 1138 qui
541 1072 665 1138 sequitur
682 1071 748 1124 tcec
765 1072 830 1135 tria,
849 1071 924 1124 diues
941 1071 999 1124 erit.

515 1194 568 1247 Ad
588 1195 765 1249 Cherulum

195 1299 234 1368 (2)
255 1300 376 1382 Oherule3
395 1306 425 1353 tu
443 1317 524 1385 cenae
541 1301 618 1369 apud
636 1317 736 1367 omues,
754 1302 849 1356 cutus
869 1301 945 1370 apud
963 1308 994 1356 te.

250 1370 925 1510 Veiiifflffidzwecreqc'eemllaciewuwieccri;

285 1514 411 1568 Dedecus
429 1521 475 1580 eet,
495 1531 599 1583 cremer
616 1532 720 1569 sumre
738 1517 831 1584 eritque
849 1515 923 1568 dare.

501 1640 554 1693 Ad
574 1640 776 1710 Quintianus

194 1745 233 1815 (3)
252 1745 293 1799 Ei
310 1744 387 1816 fuye'e
405 1751 431 1799 et
448 1747 552 1815 culpae,
573 1746 714 1817 Quintiae,
732 1747 961 1816 superfluitatem.-

283 1816 347 1870 Hoc
364 1818 476 1872 uirtutis
494 1834 572 1871 amor
589 1834 647 1872 acu
664 1819 742 1885 facit,
760 1821 842 1872 immo
860 1817 908 1870 rei.

194 1924 231 1992 (4)
250 1923 297 1977 ac
315 1940 410 1978 ceream
428 1929 563 1990 acturum,
581 1924 706 1978 ieiunum
724 1924 762 1978 cd
778 1926 880 1993 poeula
898 1923 1023 1978 Plancus

284 1996 333 2049 Me
351 2001 435 2049 cocat.
468 1996 500 2048 iu
517 2001 615 2050 neutro
632 2012 693 2050 uem
711 1997 763 2050 eur
779 2002 877 2066 qratue
894 2011 949 2065 eqo.

193 2120 230 2188 (6)
253 2119 330 2174 Twrc
346 2121 428 2188 piper
444 2125 527 2174 acates
544 2126 689 2190 cruentum
703 2121 795 2188 pallia
813 2136 932 2191 yemmce

283 2191 411 2256 Vendere,
430 2191 512 2256 Mein,
530 2192 606 2257 solea,
625 2208 687 2245 cum
705 2193 805 2260 quibus
822 2197 925 2260 emptor
943 2191 1008 2244 abit.

248 2262 380 2332 oraturis
398 2262 495 2316 utilior
513 2279 588 2316 mera
606 2269 652 2328 eet,
672 2279 741 2331 quae
758 2264 871 2317 venditu
889 2279 968 2330 caepe

281 2335 434 2402 Nunquam
452 2333 609 2388 vendentem
627 2334 726 2388 deserit
743 2340 794 2388 aut
811 2335 920 2388 micuit.

222 2500 338 2560 Horum
371 2503 622 2578 epigrammatum
653 2502 796 2560 ultimum
826 2501 962 2560 Mamiali
993 2502 1052 2576 ipsi
1084 2502 1116 2559 in

154 2591 255 2650 codice
274 2590 440 2666 Anglicano
463 2590 616 2665 tribuitur,
640 2591 676 2648 de
700 2592 814 2667 quoin
838 2590 881 2648 ed.
905 2592 1018 2649 maiore
1037 2590 1116 2648 Mar-

154 2680 238 2738 tialis
261 2679 403 2739 disseruit
426 2674 708 2757 Schneidewiuus.“]

224 2770 286 2828 799
306 2768 505 2829 Monacensis:
529 2769 616 2828 adde:
642 2764 675 2828 ‘s
694 2763 764 2826 XH'
784 2786 839 2826 sec.
853 2768 950 2842 Mune,
969 2768 1116 2846 Anaeiger

153 2858 181 2916 u.
202 2859 228 2916 u.
243 2859 330 2917 corz.
347 2859 442 2932 raes,
454 2859 526 2917 506.

222 2949 287 3007 800
310 2947 347 3005 cf.
366 2946 524 3007 BH204.
548 2946 668 3004 M866.

222 3037 295 3112 808,
312 3037 376 3095 254
401 3032 527 3096 ‘viscera
549 3029 648 3094 vesca'
672 3035 810 3094 Eussner.

221 3125 405 3184 831—854.
442 3124 524 3184 Haec
554 3126 686 3184 carmina
714 3123 885 3202 Symmachi
914 3116 1023 3205 (Epist.
1043 3125 1058 3182 Ι
1078 3121 1111 3201 2)

153 3213 325 3272 hexasticha
347 3214 530 3292 panegyrica
553 3214 683 3289 quinque
707 3215 739 3271 in
761 3216 891 3272 mentem
913 3217 1062 3272 revocant.

222 3303 330 3378 842,2
356 3298 461 3363 ‘ferox’
485 3304 519 3362 R.

221 3392 283 3450 866
295 3410 337 3468 sq.
358 3387 418 3472 [Ex
436 3393 479 3451 ed.
494 3413 538 3469 pr.
558 3391 711 3467 „Primum
729 3391 903 3450 deveneris
922 3411 988 3451 eum
1002 3391 1112 3452 Amore

152 3483 253 3558 statua
271 3500 371 3540 rosam
389 3501 511 3541 auream
530 3481 662 3541 crinibus
680 3485 810 3559 gerente,
829 3481 957 3540 alterum
975 3481 1011 3539 de
1030 3501 1112 3540 amu-

152 3569 214 3628 leto
238 3569 393 3648 Gorgoneo
418 3565 503 3649 est.“]
