2598 3922
439 240 467 295 6.
482 246 543 308 661,
557 255 618 296 s-s.
638 240 666 296 6.
682 245 823 294 een-ees
1054 238 1117 302 133

131 408 280 468 ⁶Advenit
303 407 418 487 Sagilee
441 409 520 487 petri
544 427 612 468 cum
636 410 761 485 coniuge
785 407 892 486 luctuS,

220 496 349 575 Delungi
371 496 450 558 baud
474 496 562 556 dubie
586 499 638 575 qui
660 496 780 557 voluere
804 499 897 574 prius.

155 586 213 647 Sed
237 586 322 647 dolor
345 593 388 647 est
412 587 523 646 nimius
548 584 665 647 Christo
688 584 860 646 moderante
885 584 1034 645 ferendus

220 675 326 736 Orboti
348 694 407 735 non
431 683 512 735 suut:
538 674 613 735 dona
638 674 747 735 dedere
773 673 835 735 deo.

604 903 669 968 662

358 1038 400 1092 In
422 1039 558 1094 cumulo
584 1038 765 1093 cuiusdam
787 1037 922 1093 medici·

154 1159 341 1218 Praeterieris
364 1157 518 1217 bominum
542 1164 653 1217 sortem
677 1159 830 1236 miserere,
853 1159 957 1234 vietor,

219 1245 321 1325 Deque
346 1247 429 1324 meis,
453 1253 567 1306 restent
589 1265 664 1324 quae
688 1245 742 1306 tibi
765 1246 833 1324 late,
856 1244 930 1306 vide.

155 1336 199 1396 En
222 1336 297 1396 mibi
320 1343 400 1396 terre
424 1334 544 1395 domum
567 1335 691 1414 praebet
713 1328 866 1415 lcinisque
890 1334 1090 1414 sepulchrum,

220 1425 337 1485 Vermis
362 1432 391 1485 et
414 1427 538 1502 exiguus
561 1424 694 1484 membra
718 1423 827 1484 caduce
850 1431 942 1484 vorat.

131 1514 298 1574 ⁵Conditor
320 1515 508 1592 omnipotens
530 1512 669 1592 paradysi
692 1532 760 1574 curn
784 1531 850 1574 esse
874 1513 1011 1573 colonum

220 1603 359 1680 Iusserat,
382 1601 459 1663 hanc
483 1601 589 1662 tribuit
612 1602 698 1680 culpa
721 1602 848 1662 nefanda
870 1605 975 1663 vicem.

155 1692 280 1752 Nomine
305 1690 434 1752 Felicem
457 1710 505 1752 me
528 1691 600 1752 olim
624 1691 725 1751 dixere
748 1698 895 1770 parentes,

220 1782 286 1841 Vita
310 1780 407 1841 dicata
429 1781 504 1841 mibi
526 1781 584 1858 bic,
608 1799 656 1840 ars
679 1779 827 1841 medicina
850 1780 913 1840 fuit.

155 1871 266 1948 Aegros
289 1870 451 1930 multorum
474 1872 558 1948 potui
582 1869 714 1930 relevere
739 1868 864 1946 dolores,

117 1970 142 2008 1⁰
222 1959 357 2019 Morbum
381 1977 440 2019 non
464 1961 547 2038 potui
570 1960 691 2019 vincere
715 1958 751 2018 ab
776 1965 838 2018 erte
861 1976 969 2018 meum.

606 2185 671 2250 663
958 2185 985 2224 Β.
993 2184 1018 2224 11
1026 2184 1071 2224 666.
1085 2183 1116 2223 Μ.
1126 2184 1172 2226 866.

1035 2238 1061 2278 Β.
1075 2238 1109 2276 IV
1124 2239 1173 2278 161.

156 2315 267 2375 Littera
290 2333 354 2376 rem
379 2322 492 2393 gestam
515 2314 660 2395 loquitur,
684 2333 733 2375 res
756 2317 821 2394 ipsa
844 2313 1003 2375 medullam

222 2403 319 2483 Verbi,
343 2422 432 2483 quem
455 2406 540 2463 vivex
563 2422 648 2464 mens
671 2403 760 2482 videt,
784 2406 865 2464 intus
888 2403 985 2464 habet
1010 2475 1013 2484 Ι

226 2593 352 2663 bregile
375 2593 401 2645 V
434 2591 537 2663 fragile
555 2593 619 2662 peri
637 2594 665 2647 B
702 2608 781 2647 socer
799 2592 848 2646 ille
867 2592 975 2646 Ze'eben.
1012 2592 1120 2646 Nomen

154 2665 339 2736 oeconomicum
357 2665 469 2735 concoct
487 2665 596 2733 Haupt,
615 2665 710 2718 Herm.
727 2668 827 2731 r,188;
850 2665 1002 2734 yotc'eumne
1025 2669 1063 2716 eet
1082 2679 1120 2716 an

155 2734 375 2806 benyunde'eeem?
448 2740 462 2787 'l
482 2735 584 2802 nimus,
603 2752 682 2801 corr,
704 2736 731 2788 V

225 2841 295 2896 662.
332 2842 396 2896 VB.
425 2842 460 2909 cf.
482 2842 587 2910 Corpus
605 2843 653 2896 IL
672 2842 760 2896 XIII
769 2845 847 2895 2414.
922 2839 1078 2907 Vdenique
1097 2839 1123 2891 V

190 2919 205 2966 3
225 2913 297 2966 cinis
322 2913 377 2968 VB
414 2912 543 2966 columen
561 2913 603 2968 cel
619 2914 727 2967 tectum
745 2914 854 2967 notioni
874 2913 964 2967 subest
987 2912 1028 2982 (in
1047 2916 1120 2965 terra

154 2991 191 3039 est
210 2986 292 3052 quasi
309 2985 445 3050 incolome,
464 2985 504 3038 sie
522 2986 572 3038 sub
590 2985 712 3054 sepulcro
731 2985 812 3052 quael
830 2984 974 3052 subtecto)
1054 2987 1070 3034 4
1089 2984 1121 3035 tn

153 3073 204 3127 my.
225 3056 289 3111 add.
315 3055 342 3109 V
374 3055 504 3110 assiduus
524 3057 551 3108 B
624 3063 723 3110 boum
748 3056 854 3124 V(que
873 3073 900 3109 m
918 3057 977 3120 sec.)
1043 3053 1120 3106 cdi-

154 3142 224 3194 cere,
242 3143 321 3194 corn,
346 3126 373 3181 V
441 3133 457 3180 9
475 3127 578 3195 potuit,
597 3144 675 3193 corr,
700 3128 726 3180 V
795 3132 829 3178 10
847 3127 881 3194 ef.
902 3125 977 3193 48712,
988 3131 1011 3178 6.

224 3233 384 3304 Seqoemtor
401 3233 433 3286 in
458 3235 493 3287 V:
512 3234 626 3289 Senecae
645 3233 754 3300 Ludos,
773 3233 840 3300 clia,
859 3251 880 3288 e.
897 3236 957 3298 646,
977 3237 1038 3299 484,
1058 3237 1118 3300 677,

153 3306 290 3360 dictlcltoc
308 3323 326 3358 a
345 3304 475 3360 Suetonio
493 3305 574 3360 Dom.
590 3311 624 3358 23
643 3305 794 3372 traditum
811 3312 870 3358 tum
887 3304 936 3371 fol.
953 3308 1017 3357 1392

225 3375 295 3430 666.
329 3375 383 3430 Est
415 3379 498 3430 etlam
525 3379 556 3430 in
585 3377 740 3430 Mellicensi
766 3392 787 3430 c.
803 3375 855 3428 XI
878 3382 903 3430 et
929 3381 961 3429 ut
988 3373 1120 3444 ‘Vergilii

155 3446 287 3501 disticon'
307 3450 339 3501 in
359 3448 550 3518 Relcdiyerano
568 3449 590 3501 I
600 3454 625 3516 6,
637 3453 669 3501 1‘1
689 3464 709 3501 s.
726 3447 870 3500 XIV-X
875 3447 905 3501 V.
