2582 3924
497 203 524 259 C.
541 210 601 273 772,
616 219 695 260 rs-sr

385 371 449 431 Etsi
472 371 608 450 aquitane
632 374 746 432 moveri

386 460 490 521 Cernis
513 463 544 521 in
568 460 673 522 arbore
697 460 826 539 frondes

385 549 427 610 Te
450 548 524 611 levis
547 570 618 612 aura
642 550 768 629 docebit,

386 639 532 719 Tempora
556 640 679 701 eredere
703 639 789 701 clara.

387 729 521 809 Dumque
546 729 645 809 pulum
670 738 749 791 astra
772 729 946 808 relinquunt

385 817 536 879 Flammea
559 828 642 898 terga
665 821 807 897 sinentes,

385 908 447 969 lam
471 908 548 968 male
571 908 690 969 flamina
714 911 813 970 curvis

387 997 546 1076 Temperat
568 997 648 1058 unda
671 1000 795 1079 earinis3

386 1086 462 1147 Hine
487 1106 579 1166 super
602 1087 691 1147 ardea
713 1087 809 1148 nubes

386 1175 505 1254 Mergus
529 1185 559 1238 et
582 1194 710 1256 aequora
734 1175 858 1256 scandit,

386 1265 463 1326 Hine
486 1265 652 1345 inlitaeque
675 1269 807 1327 marinae

388 1355 500 1415 Littore
523 1355 627 1416 ludere
650 1364 786 1434 pergunt.

388 1445 419 1505 Si
442 1452 526 1505 tonat
547 1464 585 1504 en
610 1444 714 1506 domus
738 1446 812 1524 euri,

388 1534 420 1594 Si
443 1534 622 1614 zephyrique
646 1532 800 1612 resultant,

388 1623 420 1684 Si
442 1623 607 1702 boreasque
632 1632 770 1685 coruscat

389 1705 530 1795 (Maxima
553 1712 682 1773 turbinis
706 1731 788 1773 arma
810 1704 914 1795 haee):

386 1802 519 1863 Vallibus
543 1803 646 1880 effugit
668 1803 739 1862 hine
762 1821 833 1881 grus

388 1891 425 1952 Et
447 1891 529 1952 lacus
553 1891 645 1952 ambit
666 1891 803 1970 hirundo,

389 1980 501 2041 Corvus
525 1989 555 2041 et
578 1983 695 2060 agmina
719 1980 841 2059 consen,

388 2069 488 2131 Garrit
510 2077 540 2130 et
563 2069 697 2150 improba
722 2071 833 2148 cornix,

388 2159 500 2221 Bucula
522 2159 594 2220 hine
616 2158 692 2220 bibit
715 2177 803 2220 auras

389 2249 517 2310 Naribus
540 2249 631 2310 ardua
656 2256 802 2327 spectans,

388 2339 464 2401 Hine
488 2340 568 2399 canit
591 2337 712 2398 horrida
735 2357 816 2416 rana,

388 2430 504 2490 Vermis
528 2436 558 2489 et
581 2428 680 2488 atterit
702 2447 763 2489 ova.

389 2520 442 2579 Ast
463 2511 570 2597 †p0tus
592 2517 689 2578 imbre
711 2511 851 2597 nutaret,†

389 2608 517 2668 Aethera
540 2607 657 2686 quando
681 2616 828 2686 serenant,

390 2695 464 2757 Cum
486 2696 562 2757 bene
587 2696 686 2757 sidera
709 2697 867 2776 splendent

390 2785 427 2846 Et
449 2787 541 2845 micat
563 2803 614 2846 ore
639 2786 753 2847 Selena.

390 2874 470 2936 Haec
492 2874 547 2937 tibi
571 2877 655 2954 signa
677 2875 840 2937 manebunt

206 3122 239 3169 30
257 3116 371 3171 forndes
389 3119 437 3172 sed
454 3135 522 3172 corr.
538 3120 567 3173 P
636 3125 697 3186 post
710 3123 743 3171 32
764 3119 891 3174 maumam
910 3126 935 3174 et
949 3125 982 3173 54
1001 3119 1092 3173 Flam-

133 3204 197 3242 mea
212 3189 361 3255 Baehrens,
396 3188 567 3244 FleminaP
638 3194 671 3242 35
690 3191 725 3257 ef.
743 3191 781 3244 Ge
795 3192 816 3244 I
825 3195 886 3243 360.
923 3191 1040 3245 flumina
1058 3193 1093 3257 P,

133 3258 248 3313 flamine
265 3261 363 3329 seripse'
435 3266 467 3314 at
488 3261 576 3314 ardua
590 3263 624 3327 P,
644 3266 677 3314 38
696 3264 806 3329 mergat
820 3263 848 3314 et
861 3264 890 3316 P
906 3265 983 3331 (corr.
1003 3263 1093 3317 Baeb-

133 3347 195 3386 rene
213 3348 247 3386 ere
266 3331 306 3386 Ge
324 3333 345 3384 I
361 3337 410 3384 361
430 3334 496 3401 sqq.)
560 3337 594 3386 40
613 3333 722 3385 Littera
742 3335 769 3388 P
838 3339 872 3385 42
893 3333 1036 3402 zepheriq3
1057 3333 1094 3386 P¹

205 3443 240 3492 48
259 3437 386 3492 Gerrizet
404 3440 433 3493 P
484 3444 518 3491 53
536 3419 603 3509 sstus
621 3440 711 3493 imbre
729 3443 840 3493 notaret
858 3441 885 3493 P
901 3440 936 3507 (R
949 3441 980 3494 in
996 3442 1059 3510 my.)

135 3509 215 3578 polus
239 3509 380 3564 Baehrens
466 3516 499 3564 55
519 3513 648 3564 serenent
666 3513 700 3574 P,
723 3511 810 3566 reete?
896 3517 929 3564 55
950 3511 1041 3576 siluna
1060 3512 1095 3578 P,

136 3580 219 3634 silina
237 3598 271 3636 ex
288 3597 374 3647 eorr.;
391 3597 460 3635 corr.
480 3583 622 3636 Baehrens
