2586 3922
553 165 581 220 C.
597 171 658 232 893,
673 180 766 220 oa-me

311 331 416 392 Fatum
441 333 526 392 triste
549 334 633 392 necis
656 332 785 394 transilit
808 332 916 393 alteros

311 421 482 500 Affligitque
505 418 600 482 alios?
623 440 661 482 cn
684 421 739 481 tibi
762 421 881 500 Tityrus

384 510 468 570 Salvo
492 509 586 572 laetus
610 513 670 588 agit
693 509 795 589 grege!

243 647 249 661 .
313 600 414 679 lpsum
438 607 588 661 contueor.
636 599 683 660 dic
706 617 768 678 age,
792 599 908 678 Tityre:

312 688 385 759 Quis
407 697 436 748 te
461 688 612 769 subripuit
634 687 768 749 cladibus
791 689 838 749 bis
862 687 944 762 deus,

312 779 349 839 Vt
370 780 464 857 pestis
487 778 644 857 pecudum,
668 796 743 857 quae
766 777 903 857 populata
927 778 966 837 sit

382 867 510 946 Vicinos,
533 867 588 928 tibi
610 867 692 928 nulla
715 865 775 927 sit?

205 961 236 1018 ‘.
315 956 457 1035 Signum,
472 956 551 1035 quod
574 956 734 1036 perhibent
757 975 823 1018 esse
847 957 945 1016 crucis
970 954 1027 1035 dei,

312 1045 426 1123 Magnis
450 1048 501 1124 qui
525 1046 633 1106 colitur
656 1045 737 1106 solus
760 1048 791 1105 in
814 1045 948 1124 urbibus,

313 1133 457 1212 Christus,
481 1138 618 1214 perpetui
641 1135 735 1213 gloria
757 1136 898 1214 numinis,

384 1223 475 1284 Cuius
498 1224 578 1284 frlius
600 1226 717 1284 unicus.

313 1311 375 1373 lloc
399 1315 516 1391 signum
539 1313 647 1373 mediis
671 1312 819 1373 frontibus
843 1311 975 1373 additum

314 1401 494 1463 Cunctarum
515 1401 665 1482 pecudum
689 1409 769 1462 certa
795 1401 873 1462 salus
897 1402 961 1461 fuit.

314 1491 363 1551 Sic
386 1509 455 1560 vero
481 1490 553 1552 deus
576 1492 632 1552 hoc
655 1492 775 1551 nomine
797 1499 975 1570 praepotens

385 1579 518 1641 Salvator
539 1583 685 1641 vocitatus
703 1588 762 1682 pst

313 1669 401 1747 Fugit
423 1671 563 1731 continuo
587 1688 674 1729 saeva
697 1669 762 1729 lues
785 1686 900 1747 greges,

313 1757 424 1818 Morbis
448 1758 490 1818 nil
513 1758 606 1819 licuit
653 1761 679 1818 si
701 1766 801 1818 tamen
825 1757 904 1818 hunc
928 1756 1016 1818 deum

315 1847 446 1908 Exorare
468 1847 551 1930 velis,
575 1847 698 1908 credere
722 1847 844 1908 sufficit:

386 1937 491 1998 Votum
516 1937 577 1997 sola
601 1936 675 1998 fides
699 1938 788 1997 iuvat.

315 2025 380 2086 Non
404 2025 473 2086 ullis
496 2025 613 2087 madida
636 2034 683 2086 est
705 2043 755 2086 ara
780 2024 936 2086 cruoribus

315 2114 377 2175 Nec
400 2114 522 2176 morbus
545 2114 694 2194 pecudum
718 2114 807 2175 caede
832 2113 994 2192 repellitur,

316 2203 375 2264 Sed
398 2203 523 2283 simplex
547 2205 638 2263 animi
660 2204 828 2282 purificatio

387 2291 502 2372 Optatis
526 2293 637 2362 fruitur
659 2291 753 2352 bonis.

247 2428 253 2441 .
318 2381 398 2442 llaec
422 2384 447 2442 si
472 2389 552 2442 certa
575 2381 691 2461 probas,
715 2381 824 2460 Tityre,
848 2381 890 2441 nil
913 2398 1022 2459 moror,

316 2470 394 2541 Quin
417 2473 496 2531 veris
520 2470 646 2531 famuler
668 2470 881 2549 religionibus

316 2560 457 2621 Errorem
481 2569 611 2620 veterem
636 2560 784 2638 defugiam
807 2558 912 2637 libens,

389 2648 462 2709 Nam
486 2649 572 2709 fallax
598 2656 627 2709 et
650 2651 747 2709 inanis
771 2656 824 2708 est.

210 2741 240 2798 ⁹.
317 2739 406 2817 Atqui
430 2741 488 2798 iam
511 2746 652 2817 properat
674 2756 759 2797 mens
782 2755 848 2797 mea
871 2739 967 2795 visere

317 2827 431 2888 Summi
454 2828 561 2907 templa
587 2827 642 2887 dei.
689 2829 770 2905 quin,
789 2845 852 2905 age,
875 2823 992 2902 Bucole,

316 2916 382 2976 Non
405 2916 523 2994 longam
546 2918 659 2995 pariter
682 2913 892 2993 congredimur
914 2916 1000 2990 viam,

388 3005 500 3066 Christi
523 3013 553 3066 et
575 3007 697 3065 numina
719 3001 892 3065 noscimus?

256 3271 289 3319 99
311 3267 353 3332 Of.
383 3268 457 3336 Verg.
487 3265 669 3335 ecl.1,1sqq.
698 3270 723 3319 et
750 3281 770 3318 c.
787 3270 852 3318 719·
878 3265 911 3317 de
933 3264 1035 3333 Tityro.
1287 3305 1288 3330 ,

186 3342 237 3389 100
256 3336 347 3391 salvos
362 3345 387 3391 et
400 3354 499 3406 greges
514 3338 654 3390 Baehrens
727 3341 778 3388 106
797 3341 892 3390 contra
906 3336 1032 3404 inpagis
1048 3335 1149 3404 ‘paga-
1287 3351 1288 3399 l

184 3409 295 3461 norum'
315 3409 405 3462 cultus
423 3408 633 3461 conservabatur
714 3412 762 3460 111
784 3407 852 3461 deus
870 3406 917 3459 hie
936 3405 1078 3461 Baehrens

186 3484 237 3532 123
257 3478 408 3548 diffugiam
422 3478 456 3540 P,
475 3494 542 3531 corr.
563 3479 649 3532 Weitz
686 3477 838 3531 discutiam
857 3477 998 3532 Baehrens
1094 3481 1146 3530 126

98 3601 99 3605 ,
185 3548 291 3602 Bucule
310 3550 338 3601 P
416 3552 467 3600 128
486 3564 590 3601 numen
609 3549 786 3617 agnoscimus
806 3551 839 3614 P,
858 3565 905 3601 em.
926 3548 1000 3601 Pith.
1020 3549 1051 3601 in
1072 3563 1123 3616 mg.
