2582 3924
200 217 266 282 288
578 219 607 276 C.
626 226 688 288 808,
702 235 782 276 sn-ss

200 383 315 446 Sideris
338 386 470 447 aestiferi
494 386 608 447 frondis
632 386 687 448 sub
712 395 789 448 teeta
813 387 960 448 subibant

199 473 243 534 dd
266 474 367 535 lucum
390 475 513 536 Perdica
536 478 618 537 venit
640 477 796 556 fessusque
820 476 921 538 labore

199 562 320 624 Inlimes
344 567 476 643 respexit
498 584 589 644 aquas
612 566 806 645 lymphasque
830 575 967 628 recentes

199 651 458 733 Vmbriferumque
482 673 596 732 nemus
619 657 728 716 mixtos
751 674 806 735 per
829 656 962 733 gramina
984 655 1084 716 flores.

198 741 355 820 Ingressus
378 751 534 822 postquam
558 751 605 804 est
627 744 710 805 lucos
733 743 857 805 Perdioa
881 746 1022 824 rigentes,

197 830 320 893 Talibus
344 839 389 892 est
412 833 512 894 verbis
536 835 632 894 socios
656 852 690 894 ac
712 852 784 894 voce
808 841 941 894 secutus:

198 916 235 980 Ὀ
260 923 342 1000 socii,
365 929 464 983 vestro
488 925 600 983 iustum
623 924 649 982 si
673 922 762 983 corde
785 922 912 1002 ridetur,

198 1008 337 1072 Defessos
361 1017 443 1072 artus
467 1030 501 1072 ac
523 1011 658 1072 membra
681 1012 778 1073 calore
802 1020 920 1090 gravata

197 1098 254 1159 Hic
276 1102 387 1179 poterit
409 1100 542 1162 relevare
565 1100 657 1162 locus.
703 1119 772 1162 nam
796 1100 902 1180 frigida
926 1101 1016 1161 fontis
1131 1111 1141 1134 ⁸

196 1187 276 1248 Vena
299 1189 374 1268 fluit
397 1189 487 1250 fiores
511 1197 581 1250 sunt
603 1189 661 1268 hic,
686 1189 761 1268 [hic]
788 1189 885 1250 dulcia
908 1186 1013 1269 prata?

197 1269 286 1360 (Heu,
309 1277 443 1358 Perdice,
466 1281 563 1357 gravis
587 1286 686 1340 aestus
709 1278 868 1358 radiosque
891 1281 1035 1340 micantes

187 1365 274 1428 'Solis
298 1376 327 1429 te
351 1369 463 1447 fugisse
486 1375 572 1448 putas
597 1368 738 1447 lucosque
762 1371 873 1448 petisse

197 1489 203 1502 ι
252 1490 946 1505 ιιιιιιιιιιιιιι
961 1489 1017 1508 ιι,

196 1526 331 1605 ignoras:
354 1531 435 1590 intus
459 1530 576 1607 gravior
599 1528 654 1589 tibi
677 1528 795 1590 flamma
817 1522 966 1610 paraturi)

195 1615 245 1677 Sic
268 1626 425 1697 postquam
449 1620 535 1698 fatus,
558 1619 618 1678 fusi
641 1637 696 1698 per
718 1620 852 1696 gramina
874 1627 971 1678 terrae

195 1706 352 1785 Accipiunt
375 1707 476 1787 epulas
500 1715 530 1768 et
554 1707 651 1768 dulcia
675 1706 751 1768 dona
774 1707 871 1786 Lyaei,

195 1794 265 1856 Post
289 1815 392 1858 somno
416 1806 555 1878 reparant
578 1799 666 1856 vires.
711 1804 785 1857 tuno
808 1795 901 1875 aliger
923 1794 973 1855 ifle

194 1883 298 1945 Paruit
320 1887 418 1947 officio
443 1894 632 1966 mutatusque
655 1905 706 1947 ore
731 1885 845 1966 Cupido

194 1973 336 2036 Perdioae
360 1976 459 2037 reddit
482 1975 639 2038 Castaliam
661 1978 782 2036 nomine
804 1982 939 2053 matrem,

195 2061 431 2144 Complexusque
456 2065 537 2127 dedit
559 2084 614 2145 per
636 2067 752 2126 somnia
773 2066 870 2125 tristis
893 2065 988 2140 imago

194 2151 231 2212 Et
254 2171 341 2214 saevo
364 2157 502 2216 iuvenem
526 2155 656 2216 confodit
679 2161 799 2233 pectora
822 2152 890 2215 telo.

194 2240 296 2302 Matris
320 2246 399 2304 cuim
423 2246 551 2305 miserae
575 2262 660 2305 caros
684 2242 839 2304 dinoscere
861 2241 960 2302 vultus

194 2329 258 2390 Non
282 2339 406 2411 poterat,
430 2352 518 2412 quam
542 2351 649 2413 parvus
674 2331 770 2393 adhue
794 2330 948 2392 dimiserat
971 2329 1049 2407 olim,

193 2418 267 2480 Cum
291 2428 407 2500 peteret
432 2421 515 2483 divae
540 2422 710 2483 doctissima
732 2421 843 2500 templa
865 2420 1021 2480 Minervae.

192 2506 250 2578 Qui
273 2518 430 2589 postquam
454 2530 557 2572 somno
581 2513 742 2572 miserest
766 2509 907 2589 deceptus
931 2506 1047 2587 acerbo,

191 2597 283 2659 Ardet
305 2601 335 2659 in
360 2602 517 2676 incestum,
540 2619 644 2662 verum
668 2599 826 2661 simulante
850 2599 957 2676 figura:

264 2742 297 2789 62
316 2735 456 2791 frondiH
525 2736 669 2790 stlocum
683 2738 719 2791 H
787 2741 821 2789 64
839 2733 1154 2800 InfimasHem.1ioss·

191 2808 254 2877 berg
289 2807 426 2876 nimfasq3
446 2810 576 2877 regentes
604 2808 638 2861 H
725 2813 759 2860 67
779 2808 829 2860 aut
847 2807 883 2860 H
915 2821 948 2860 ec
972 2805 1065 2859 Heiter

192 2883 225 2930 69
244 2878 315 2932 haec
334 2881 369 2934 H
402 2895 436 2933 eo
454 2881 596 2934 Baehrens
678 2884 710 2932 70
728 2878 821 2932 fontes
845 2877 881 2930 H
958 2883 989 2930 71
1010 2875 1057 2929 hic
1075 2876 1155 2930 semei

190 2951 228 3004 H
278 2955 311 3004 73
331 2949 379 3006 Sol
397 2951 452 3006 iste
471 2952 507 3005 H
538 2953 621 3020 putes
640 2952 672 3005 Η
725 2955 837 3004 anteit
856 2948 936 3002 nntla
955 2949 1058 3002 laeana
1076 2947 1159 3000 inH

228 3043 261 3092 74
280 3038 334 3092 tibi
353 3041 467 3110 grunitu
486 3041 522 3094 H
599 3045 632 3093 76
651 3039 744 3093 factus
764 3040 795 3094 Η
872 3042 904 3090 76
925 3035 975 3091 loti
994 3037 1029 3090 H
1065 3035 1154 3102 Lyaei

190 3111 333 3164 Baehrens
406 3117 438 3164 77
458 3128 569 3165 somnos
588 3112 624 3165 H
660 3113 728 3177 cunt
746 3113 814 3164 tunc
832 3110 868 3163 H
941 3115 974 3162 78
994 3108 1153 3175 mutaturq;

190 3183 226 3235 H
277 3187 310 3234 79
330 3181 494 3236 Castaliam:
509 3183 519 3235 i
535 3189 573 3237 est
585 3198 746 3237 carnencas.
776 3188 840 3250 post
854 3185 887 3233 79
906 3198 930 3234 a.
945 3183 1087 3232 240-260
1106 3179 1154 3232 sed

190 3255 320 3321 expuncti
337 3255 368 3306 in
387 3255 422 3308 H
476 3259 509 3306 81
529 3269 611 3307 saevo
627 3255 761 3323 Bossberq
797 3269 847 3306 suo
866 3253 901 3306 H
933 3250 1062 3305 confudit
1080 3251 1117 3303 H

190 3329 296 3378 86-87
311 3332 375 3380 ante
391 3330 425 3377 82
445 3325 604 3394 trartoposni
657 3329 691 3379 85
711 3325 770 3379 etin
789 3325 824 3378 H
856 3322 963 3376 invisae
982 3322 1117 3391 Rossberq

115 3445 117 3448 .
189 3411 254 3449 aare
273 3397 308 3450 H
376 3401 409 3449 87
428 3395 553 3450 minerae
576 3397 612 3450 H
625 3397 701 3466 (No).
779 3400 812 3448 82
833 3411 933 3448 aceruo
953 3393 986 3448 H
1055 3397 1089 3445 83
1110 3393 1152 3445 in-

190 3469 267 3521 cestu
287 3468 322 3521 H
353 3483 440 3536 puero
455 3467 605 3522 simolante
614 3469 654 3536 H,
668 3468 774 3522 carreni
788 3468 892 3537 (ligera
908 3467 939 3519 in
952 3465 1057 3519 somnio
1071 3466 1153 3519 odoia

188 3553 280 3593 acran
302 3546 415 3593 matrem
442 3541 579 3607 imitante)
616 3557 643 3608 p.
660 3556 681 3594 s.
700 3539 817 3608 figuram
837 3539 980 3593 Baehrens
998 3543 1023 3591 et
1041 3537 1152 3603 Ziehen,

186 3614 238 3682 qni
255 3628 279 3665 v.
296 3615 401 3663 71-74
419 3613 459 3665 sie
478 3613 660 3677 interpunxit.
