<?xml version="1.0" encoding="UTF-8"?>
<!DOCTYPE html PUBLIC "-//W3C//DTD XHTML 1.0 Transitional//EN"
    "http://www.w3.org/TR/xhtml1/DTD/xhtml1-transitional.dtd">
<html xmlns="http://www.w3.org/1999/xhtml" xml:lang="en" lang="en">
 <head>
  <title>
</title>
<meta http-equiv="Content-Type" content="text/html;charset=utf-8" />
  <meta name='ocr-system' content='tesseract 3.04.00' />
  <meta name='ocr-capabilities' content='ocr_page ocr_carea ocr_par ocr_line ocrx_word'/>
</head>
<body>
  <div class='ocr_page' id='page_1' title='image "./carminaincodici00riesgoog_0024.png"; bbox 0 0 2594 3920; ppageno 0'>
   <div class='ocr_carea' id='block_1_1' title="bbox 176 205 759 273">
    <p class='ocr_par' dir='ltr' id='par_1_1' title="bbox 176 205 759 273">
     <span class='ocr_line' id='line_1_1' title="bbox 176 205 759 273; baseline 0.007 -15"><span class='ocrx_word' id='word_1_1' title='bbox 176 205 217 268; x_wconf 90' lang='lat'>14</span> <span class='ocrx_word' id='word_1_2' title='bbox 559 205 587 260; x_wconf 86' lang='lat' dir='ltr'>C.</span> <span class='ocrx_word' id='word_1_3' title='bbox 602 213 664 273; x_wconf 75' lang='lat'>485,</span> <span class='ocrx_word' id='word_1_4' title='bbox 678 222 759 262; x_wconf 81' lang='lat' dir='ltr'>ea-oo</span> 
     </span>
    </p>
   </div>
   <div class='ocr_carea' id='block_1_2' title="bbox 567 367 744 436">
    <p class='ocr_par' dir='ltr' id='par_1_2' title="bbox 567 367 744 436">
     <span class='ocr_line' id='line_1_2' title="bbox 567 367 744 436; baseline 0 -2"><span class='ocrx_word' id='word_1_5' title='bbox 567 367 744 436; x_wconf 79' lang='grc' dir='ltr'><strong><em>Ἰσόκωλον</em></strong></span> 
     </span>
    </p>
   </div>
   <div class='ocr_carea' id='block_1_3' title="bbox 172 475 1137 740">
    <p class='ocr_par' dir='ltr' id='par_1_3' title="bbox 172 475 1137 740">
     <span class='ocr_line' id='line_1_3' title="bbox 172 475 1137 561; baseline 0.007 -24"><span class='ocrx_word' id='word_1_6' title='bbox 172 478 453 559; x_wconf 66' lang='lat' dir='ltr'>reparamina,</span> <span class='ocrx_word' id='word_1_7' title='bbox 476 479 529 540; x_wconf 89' lang='lat' dir='ltr'>ubi</span> <span class='ocrx_word' id='word_1_8' title='bbox 552 481 684 541; x_wconf 86' lang='lat' dir='ltr'>membra</span> <span class='ocrx_word' id='word_1_9' title='bbox 704 475 816 561; x_wconf 77' lang='lat' dir='ltr'>†aeqna</span> <span class='ocrx_word' id='word_1_10' title='bbox 841 491 870 542; x_wconf 80' lang='lat' dir='ltr'>et</span> <span class='ocrx_word' id='word_1_11' title='bbox 894 485 1039 544; x_wconf 80' lang='lat' dir='ltr'>circuitus</span> <span class='ocrx_word' id='word_1_12' title='bbox 1058 494 1137 544; x_wconf 73' lang='lat' dir='ltr'>sunt,</span> 
     </span>
     <span class='ocr_line' id='line_1_4' title="bbox 174 565 995 649; baseline 0.005 -21"><span class='ocrx_word' id='word_1_13' title='bbox 174 565 241 628; x_wconf 82' lang='lat' dir='ltr'>‘Cui</span> <span class='ocrx_word' id='word_1_14' title='bbox 265 586 320 629; x_wconf 89' lang='lat' dir='ltr'>nec</span> <span class='ocrx_word' id='word_1_15' title='bbox 344 570 412 629; x_wconf 87' lang='lat' dir='ltr'>iinis</span> <span class='ocrx_word' id='word_1_16' title='bbox 436 568 519 630; x_wconf 80' lang='lat' dir='ltr'>adest</span> <span class='ocrx_word' id='word_1_17' title='bbox 542 570 683 649; x_wconf 88' lang='lat' dir='ltr'>cupiendi</span> <span class='ocrx_word' id='word_1_18' title='bbox 705 589 762 631; x_wconf 90' lang='lat' dir='ltr'>nec</span> <span class='ocrx_word' id='word_1_19' title='bbox 785 571 891 632; x_wconf 89' lang='lat' dir='ltr'>modus</span> <span class='ocrx_word' id='word_1_20' title='bbox 916 579 995 632; x_wconf 81' lang='lat' dir='ltr'>extat</span> 
     </span>
     <span class='ocr_line' id='line_1_5' title="bbox 173 657 1008 740; baseline 0.007 -24"><span class='ocrx_word' id='word_1_21' title='bbox 173 657 288 735; x_wconf 78' lang='lat' dir='ltr'>viandi,</span> <span class='ocrx_word' id='word_1_22' title='bbox 312 659 389 718; x_wconf 79' lang='lat' dir='ltr'>citus</span> <span class='ocrx_word' id='word_1_23' title='bbox 412 660 443 718; x_wconf 93' lang='lat' dir='ltr'>in</span> <span class='ocrx_word' id='word_1_24' title='bbox 468 657 563 719; x_wconf 86' lang='lat' dir='ltr'>dando</span> <span class='ocrx_word' id='word_1_25' title='bbox 588 668 642 738; x_wconf 78' lang='lat' dir='ltr'>est,</span> <span class='ocrx_word' id='word_1_26' title='bbox 666 661 746 720; x_wconf 87' lang='lat' dir='ltr'>celer</span> <span class='ocrx_word' id='word_1_27' title='bbox 769 663 800 720; x_wconf 95' lang='lat' dir='ltr'>in</span> <span class='ocrx_word' id='word_1_28' title='bbox 824 657 1008 740; x_wconf 66' lang='lat' dir='ltr'>repetendo!</span> 
     </span>
    </p>
   </div>
   <div class='ocr_carea' id='block_1_4' title="bbox 567 785 742 864">
    <p class='ocr_par' dir='ltr' id='par_1_4' title="bbox 567 785 742 864">
     <span class='ocr_line' id='line_1_6' title="bbox 567 785 742 864; baseline 0.006 -19"><span class='ocrx_word' id='word_1_29' title='bbox 567 785 742 864; x_wconf 81' lang='grc' dir='ltr'><strong><em>Μερισμός</em></strong></span> 
     </span>
    </p>
   </div>
   <div class='ocr_carea' id='block_1_5' title="bbox 174 887 1177 1149">
    <p class='ocr_par' dir='ltr' id='par_1_5' title="bbox 174 887 1177 1149">
     <span class='ocr_line' id='line_1_7' title="bbox 174 887 1177 970; baseline 0.007 -23"><span class='ocrx_word' id='word_1_30' title='bbox 174 887 247 948; x_wconf 83' lang='lat' dir='ltr'>Cum</span> <span class='ocrx_word' id='word_1_31' title='bbox 270 891 362 967; x_wconf 90' lang='lat' dir='ltr'>privis</span> <span class='ocrx_word' id='word_1_32' title='bbox 385 893 506 969; x_wconf 87' lang='lat' dir='ltr'>propria</span> <span class='ocrx_word' id='word_1_33' title='bbox 529 891 682 970; x_wconf 78' lang='lat' dir='ltr'>attribuas,</span> <span class='ocrx_word' id='word_1_34' title='bbox 706 893 738 952; x_wconf 79' lang='lat' dir='ltr'>fn</span> <span class='ocrx_word' id='word_1_35' title='bbox 763 891 945 954; x_wconf 84' lang='lat' dir='ltr'>distribuela.</span> <span class='ocrx_word' id='word_1_36' title='bbox 1150 905 1177 947; x_wconf 79' lang='lat'>⁸⁵</span> 
     </span>
     <span class='ocr_line' id='line_1_8' title="bbox 174 973 1092 1061; baseline 0.008 -25"><span class='ocrx_word' id='word_1_37' title='bbox 174 973 261 1037; x_wconf 69' lang='lat' dir='ltr'>‘Huic</span> <span class='ocrx_word' id='word_1_38' title='bbox 285 979 361 1038; x_wconf 84' lang='lat' dir='ltr'>furta</span> <span class='ocrx_word' id='word_1_39' title='bbox 386 979 585 1057; x_wconf 86' lang='lat' dir='ltr'>inmanibus,</span> <span class='ocrx_word' id='word_1_40' title='bbox 610 981 678 1059; x_wconf 87' lang='lat' dir='ltr'>iuga</span> <span class='ocrx_word' id='word_1_41' title='bbox 700 981 818 1060; x_wconf 82' lang='lat' dir='ltr'>plantis,</span> <span class='ocrx_word' id='word_1_42' title='bbox 842 989 945 1042; x_wconf 87' lang='lat' dir='ltr'>ventre</span> <span class='ocrx_word' id='word_1_43' title='bbox 970 981 1092 1061; x_wconf 66' lang='lat' dir='ltr'>sagina!</span> 
     </span>
     <span class='ocr_line' id='line_1_9' title="bbox 174 1062 960 1149; baseline 0.006 -24"><span class='ocrx_word' id='word_1_44' title='bbox 174 1062 230 1126; x_wconf 76' lang='lat' dir='ltr'>‘Tu</span> <span class='ocrx_word' id='word_1_45' title='bbox 255 1075 375 1146; x_wconf 86' lang='lat' dir='ltr'>sumptu</span> <span class='ocrx_word' id='word_1_46' title='bbox 398 1087 519 1148; x_wconf 79' lang='lat' dir='ltr'>pauper,</span> <span class='ocrx_word' id='word_1_47' title='bbox 545 1069 639 1130; x_wconf 93' lang='lat' dir='ltr'>dando</span> <span class='ocrx_word' id='word_1_48' title='bbox 666 1070 719 1149; x_wconf 79' lang='lat' dir='ltr'>dis,</span> <span class='ocrx_word' id='word_1_49' title='bbox 743 1073 863 1149; x_wconf 85' lang='lat' dir='ltr'>ingenio</span> <span class='ocrx_word' id='word_1_50' title='bbox 888 1069 960 1132; x_wconf 65' lang='lat' dir='ltr'>rex!</span> 
     </span>
    </p>
   </div>
   <div class='ocr_carea' id='block_1_6' title="bbox 557 1193 749 1274">
    <p class='ocr_par' dir='ltr' id='par_1_6' title="bbox 557 1193 749 1274">
     <span class='ocr_line' id='line_1_10' title="bbox 557 1193 749 1274; baseline 0.005 -19"><span class='ocrx_word' id='word_1_51' title='bbox 557 1193 749 1274; x_wconf 78' lang='grc' dir='ltr'><strong><em>Μετάβασις</em></strong></span> 
     </span>
    </p>
   </div>
   <div class='ocr_carea' id='block_1_7' title="bbox 173 1300 1176 1558">
    <p class='ocr_par' dir='ltr' id='par_1_7' title="bbox 173 1300 1176 1558">
     <span class='ocr_line' id='line_1_11' title="bbox 173 1300 1014 1381; baseline 0.007 -24"><span class='ocrx_word' id='word_1_52' title='bbox 173 1300 210 1358; x_wconf 74' lang='lat' dir='ltr'>Aa</span> <span class='ocrx_word' id='word_1_53' title='bbox 233 1302 374 1361; x_wconf 83' lang='lat' dir='ltr'>remeatio</span> <span class='ocrx_word' id='word_1_54' title='bbox 398 1301 439 1379; x_wconf 78' lang='lat' dir='ltr'>fit,</span> <span class='ocrx_word' id='word_1_55' title='bbox 464 1320 531 1361; x_wconf 89' lang='lat' dir='ltr'>cum</span> <span class='ocrx_word' id='word_1_56' title='bbox 555 1320 661 1362; x_wconf 91' lang='lat' dir='ltr'>rnrsns</span> <span class='ocrx_word' id='word_1_57' title='bbox 684 1320 732 1363; x_wconf 85' lang='lat' dir='ltr'>me</span> <span class='ocrx_word' id='word_1_58' title='bbox 756 1302 859 1381; x_wconf 84' lang='lat' dir='ltr'>redigo</span> <span class='ocrx_word' id='word_1_59' title='bbox 882 1302 919 1363; x_wconf 88' lang='lat' dir='ltr'>ad</span> <span class='ocrx_word' id='word_1_60' title='bbox 942 1321 1014 1363; x_wconf 87' lang='lat' dir='ltr'>rem.</span> 
     </span>
     <span class='ocr_line' id='line_1_12' title="bbox 174 1383 957 1470; baseline 0.005 -24"><span class='ocrx_word' id='word_1_61' title='bbox 174 1383 295 1448; x_wconf 79' lang='lat' dir='ltr'>‘Verum</span> <span class='ocrx_word' id='word_1_62' title='bbox 319 1389 435 1468; x_wconf 83' lang='lat' dir='ltr'>longius</span> <span class='ocrx_word' id='word_1_63' title='bbox 460 1394 576 1450; x_wconf 80' lang='lat' dir='ltr'>excessi</span> <span class='ocrx_word' id='word_1_64' title='bbox 599 1409 655 1451; x_wconf 90' lang='lat' dir='ltr'>nec</span> <span class='ocrx_word' id='word_1_65' title='bbox 678 1399 813 1470; x_wconf 79' lang='lat' dir='ltr'>tempore</span> <span class='ocrx_word' id='word_1_66' title='bbox 837 1394 868 1451; x_wconf 96' lang='lat' dir='ltr'>in</span> <span class='ocrx_word' id='word_1_67' title='bbox 892 1394 957 1470; x_wconf 88' lang='lat' dir='ltr'>ipso</span> 
     </span>
     <span class='ocr_line' id='line_1_13' title="bbox 173 1476 1176 1558; baseline 0.006 -22"><span class='ocrx_word' id='word_1_68' title='bbox 173 1476 310 1537; x_wconf 79' lang='lat' dir='ltr'>Fortasse</span> <span class='ocrx_word' id='word_1_69' title='bbox 334 1478 492 1558; x_wconf 80' lang='lat' dir='ltr'><strong>indulgens</strong></span> <span class='ocrx_word' id='word_1_70' title='bbox 516 1482 637 1540; x_wconf 91' lang='lat' dir='ltr'>animis:</span> <span class='ocrx_word' id='word_1_71' title='bbox 661 1498 731 1558; x_wconf 82' lang='lat' dir='ltr'>ergo</span> <span class='ocrx_word' id='word_1_72' title='bbox 756 1480 845 1540; x_wconf 87' lang='lat' dir='ltr'>redeo</span> <span class='ocrx_word' id='word_1_73' title='bbox 869 1478 961 1540; x_wconf 69' lang='lat' dir='ltr'>illuc!</span> <span class='ocrx_word' id='word_1_74' title='bbox 1150 1494 1176 1534; x_wconf 76' lang='lat'>⁹⁰</span> 
     </span>
    </p>
   </div>
   <div class='ocr_carea' id='block_1_8' title="bbox 172 1602 1086 1968">
    <p class='ocr_par' dir='ltr' id='par_1_8' title="bbox 172 1602 1086 1968">
     <span class='ocr_line' id='line_1_14' title="bbox 553 1602 770 1684; baseline 0.009 -20"><span class='ocrx_word' id='word_1_75' title='bbox 553 1602 770 1684; x_wconf 80' lang='grc' dir='ltr'><em>Μετάφρασις</em></span> 
     </span>
     <span class='ocr_line' id='line_1_15' title="bbox 173 1709 894 1788; baseline 0.006 -20"><span class='ocrx_word' id='word_1_76' title='bbox 173 1709 221 1769; x_wconf 80' lang='lat' dir='ltr'>Fit</span> <span class='ocrx_word' id='word_1_77' title='bbox 243 1711 374 1788; x_wconf 80' lang='lat' dir='ltr'><strong>variatio,</strong></span> <span class='ocrx_word' id='word_1_78' title='bbox 398 1729 466 1771; x_wconf 91' lang='lat' dir='ltr'>cum</span> <span class='ocrx_word' id='word_1_79' title='bbox 490 1711 580 1771; x_wconf 84' lang='lat' dir='ltr'>simili</span> <span class='ocrx_word' id='word_1_80' title='bbox 605 1729 637 1771; x_wconf 97' lang='lat' dir='ltr'>re</span> <span class='ocrx_word' id='word_1_81' title='bbox 659 1714 779 1771; x_wconf 95' lang='lat' dir='ltr'>nomina</span> <span class='ocrx_word' id='word_1_82' title='bbox 803 1720 894 1772; x_wconf 91' lang='lat' dir='ltr'>muto.</span> 
     </span>
     <span class='ocr_line' id='line_1_16' title="bbox 174 1794 917 1879; baseline 0.007 -23"><span class='ocrx_word' id='word_1_83' title='bbox 174 1794 330 1876; x_wconf 78' lang='lat' dir='ltr'>‘Regnavit</span> <span class='ocrx_word' id='word_1_84' title='bbox 353 1798 462 1878; x_wconf 80' lang='lat' dir='ltr'>Libyco</span> <span class='ocrx_word' id='word_1_85' title='bbox 486 1803 597 1878; x_wconf 82' lang='lat' dir='ltr'>generi,</span> <span class='ocrx_word' id='word_1_86' title='bbox 622 1803 755 1878; x_wconf 79' lang='lat' dir='ltr'>regnavit</span> <span class='ocrx_word' id='word_1_87' title='bbox 779 1809 808 1861; x_wconf 84' lang='lat' dir='ltr'>et</span> <span class='ocrx_word' id='word_1_88' title='bbox 830 1801 917 1879; x_wconf 78' lang='lat' dir='ltr'>Argis</span> 
     </span>
     <span class='ocr_line' id='line_1_17' title="bbox 172 1881 1086 1968; baseline 0.007 -22"><span class='ocrx_word' id='word_1_89' title='bbox 172 1881 310 1966; x_wconf 54' lang='lat' dir='ltr'>inachiis}</span> <span class='ocrx_word' id='word_1_90' title='bbox 335 1887 501 1950; x_wconf 83' lang='lat' dir='ltr'>dominatus</span> <span class='ocrx_word' id='word_1_91' title='bbox 525 1891 597 1950; x_wconf 79' lang='lat' dir='ltr'>item</span> <span class='ocrx_word' id='word_1_92' title='bbox 621 1899 667 1950; x_wconf 78' lang='lat' dir='ltr'>est</span> <span class='ocrx_word' id='word_1_93' title='bbox 690 1889 767 1968; x_wconf 90' lang='lat' dir='ltr'>apud</span> <span class='ocrx_word' id='word_1_94' title='bbox 791 1889 941 1951; x_wconf 84' lang='lat' dir='ltr'>Oebaliam</span> <span class='ocrx_word' id='word_1_95' title='bbox 965 1888 1086 1952; x_wconf 87' lang='lat' dir='ltr'>arcem’</span> 
     </span>
    </p>
   </div>
   <div class='ocr_carea' id='block_1_9' title="bbox 551 2011 756 2087">
    <p class='ocr_par' dir='ltr' id='par_1_9' title="bbox 551 2011 756 2087">
     <span class='ocr_line' id='line_1_18' title="bbox 551 2011 756 2087; baseline 0 -13"><span class='ocrx_word' id='word_1_96' title='bbox 551 2011 756 2087; x_wconf 78' lang='grc' dir='ltr'><em>Μετάκλισις</em></span> 
     </span>
    </p>
   </div>
   <div class='ocr_carea' id='block_1_10' title="bbox 172 2118 1175 2378">
    <p class='ocr_par' dir='ltr' id='par_1_10' title="bbox 172 2118 1175 2378">
     <span class='ocr_line' id='line_1_19' title="bbox 172 2118 884 2201; baseline 0.004 -23"><span class='ocrx_word' id='word_1_97' title='bbox 172 2118 346 2198; x_wconf 75' lang='lat' dir='ltr'>Declinaiio‚</span> <span class='ocrx_word' id='word_1_98' title='bbox 371 2139 437 2180; x_wconf 90' lang='lat' dir='ltr'>cum</span> <span class='ocrx_word' id='word_1_99' title='bbox 460 2121 551 2181; x_wconf 86' lang='lat' dir='ltr'>verbo</span> <span class='ocrx_word' id='word_1_100' title='bbox 576 2121 692 2181; x_wconf 86' lang='lat' dir='ltr'>declino</span> <span class='ocrx_word' id='word_1_101' title='bbox 715 2141 884 2201; x_wconf 81' lang='lat' dir='ltr'>parumper.</span> 
     </span>
     <span class='ocr_line' id='line_1_20' title="bbox 174 2205 1175 2287; baseline 0.006 -20"><span class='ocrx_word' id='word_1_102' title='bbox 174 2205 208 2266; x_wconf 78' lang='lat' dir='ltr'>‘A</span> <span class='ocrx_word' id='word_1_103' title='bbox 231 2211 328 2286; x_wconf 92' lang='lat' dir='ltr'>primo</span> <span class='ocrx_word' id='word_1_104' title='bbox 351 2228 478 2287; x_wconf 89' lang='lat' dir='ltr'>pnernm</span> <span class='ocrx_word' id='word_1_105' title='bbox 502 2218 617 2271; x_wconf 78' lang='lat' dir='ltr'>rectum</span> <span class='ocrx_word' id='word_1_106' title='bbox 641 2218 687 2271; x_wconf 78' lang='lat' dir='ltr'>est</span> <span class='ocrx_word' id='word_1_107' title='bbox 710 2210 882 2271; x_wconf 84' lang='lat' dir='ltr'>condiscere</span> <span class='ocrx_word' id='word_1_108' title='bbox 907 2208 1009 2272; x_wconf 66' lang='lat' dir='ltr'>recte?</span> <span class='ocrx_word' id='word_1_109' title='bbox 1149 2223 1175 2261; x_wconf 80' lang='lat'>9⁵</span> 
     </span>
     <span class='ocr_line' id='line_1_21' title="bbox 174 2292 1100 2378; baseline 0.005 -22"><span class='ocrx_word' id='word_1_110' title='bbox 174 2292 295 2375; x_wconf 76' lang='lat' dir='ltr'>‘Dignos</span> <span class='ocrx_word' id='word_1_111' title='bbox 320 2297 407 2377; x_wconf 82' lang='lat' dir='ltr'>digna</span> <span class='ocrx_word' id='word_1_112' title='bbox 430 2308 558 2378; x_wconf 74' lang='lat' dir='ltr'>manent,</span> <span class='ocrx_word' id='word_1_113' title='bbox 582 2299 758 2378; x_wconf 86' lang='lat' dir='ltr'>plerumque</span> <span class='ocrx_word' id='word_1_114' title='bbox 781 2300 867 2361; x_wconf 88' lang='lat' dir='ltr'>bonis</span> <span class='ocrx_word' id='word_1_115' title='bbox 891 2300 967 2360; x_wconf 87' lang='lat' dir='ltr'>benc</span> <span class='ocrx_word' id='word_1_116' title='bbox 990 2297 1100 2362; x_wconf 65' lang='lat' dir='ltr'>vortit?</span> 
     </span>
    </p>
   </div>
   <div class='ocr_carea' id='block_1_11' title="bbox 173 2417 847 2610">
    <p class='ocr_par' dir='ltr' id='par_1_11' title="bbox 173 2417 847 2610">
     <span class='ocr_line' id='line_1_22' title="bbox 574 2417 729 2505; baseline 0.013 -21"><span class='ocrx_word' id='word_1_117' title='bbox 574 2417 729 2505; x_wconf 81' lang='grc' dir='ltr'><strong><em>Ὁρισμός</em></strong></span> 
     </span>
     <span class='ocr_line' id='line_1_23' title="bbox 173 2529 847 2610; baseline 0.003 -22"><span class='ocrx_word' id='word_1_118' title='bbox 173 2529 311 2589; x_wconf 81' lang='lat' dir='ltr'>Definitio</span> <span class='ocrx_word' id='word_1_119' title='bbox 336 2530 377 2608; x_wconf 84' lang='lat' dir='ltr'>fit,</span> <span class='ocrx_word' id='word_1_120' title='bbox 402 2548 469 2590; x_wconf 93' lang='lat' dir='ltr'>cnm</span> <span class='ocrx_word' id='word_1_121' title='bbox 493 2549 556 2596; x_wconf 87' lang='lat' dir='ltr'>rem</span> <span class='ocrx_word' id='word_1_122' title='bbox 582 2530 690 2591; x_wconf 86' lang='lat' dir='ltr'>definio</span> <span class='ocrx_word' id='word_1_123' title='bbox 712 2550 768 2610; x_wconf 92' lang='lat' dir='ltr'>pro</span> <span class='ocrx_word' id='word_1_124' title='bbox 791 2551 847 2592; x_wconf 88' lang='lat' dir='ltr'>mc.</span> 
     </span>
    </p>
   </div>
   <div class='ocr_carea' id='block_1_12' title="bbox 173 2616 1134 2790">
    <p class='ocr_par' dir='ltr' id='par_1_12' title="bbox 173 2616 1134 2790">
     <span class='ocr_line' id='line_1_24' title="bbox 174 2616 1134 2700; baseline 0.005 -23"><span class='ocrx_word' id='word_1_125' title='bbox 174 2616 323 2697; x_wconf 65' lang='lat' dir='ltr'>‘Diligcru</span> <span class='ocrx_word' id='word_1_126' title='bbox 347 2619 403 2678; x_wconf 92' lang='lat' dir='ltr'>hoc</span> <span class='ocrx_word' id='word_1_127' title='bbox 425 2637 564 2697; x_wconf 91' lang='lat' dir='ltr'>prorsum</span> <span class='ocrx_word' id='word_1_128' title='bbox 589 2628 635 2681; x_wconf 82' lang='lat' dir='ltr'>est</span> <span class='ocrx_word' id='word_1_129' title='bbox 652 2620 728 2680; x_wconf 85' lang='lat' dir='ltr'>velle</span> <span class='ocrx_word' id='word_1_130' title='bbox 748 2620 787 2699; x_wconf 80' lang='lat' dir='ltr'>id,</span> <span class='ocrx_word' id='word_1_131' title='bbox 813 2619 917 2699; x_wconf 81' lang='lat' dir='ltr'>[quod]</span> <span class='ocrx_word' id='word_1_132' title='bbox 942 2623 1055 2700; x_wconf 81' lang='lat' dir='ltr'>prosiei</span> <span class='ocrx_word' id='word_1_133' title='bbox 1078 2621 1134 2682; x_wconf 89' lang='lat' dir='ltr'>illi:</span> 
     </span>
     <span class='ocr_line' id='line_1_25' title="bbox 173 2707 1133 2790; baseline 0.006 -24"><span class='ocrx_word' id='word_1_134' title='bbox 173 2707 247 2767; x_wconf 90' lang='lat' dir='ltr'>Nam</span> <span class='ocrx_word' id='word_1_135' title='bbox 271 2710 323 2786; x_wconf 91' lang='lat' dir='ltr'>qni</span> <span class='ocrx_word' id='word_1_136' title='bbox 342 2707 379 2767; x_wconf 88' lang='lat' dir='ltr'>ad</span> <span class='ocrx_word' id='word_1_137' title='bbox 398 2727 430 2768; x_wconf 85' lang='lat' dir='ltr'>se</span> <span class='ocrx_word' id='word_1_138' title='bbox 450 2717 569 2768; x_wconf 85' lang='lat' dir='ltr'>revocat</span> <span class='ocrx_word' id='word_1_139' title='bbox 588 2709 754 2788; x_wconf 79' lang='lat' dir='ltr'>quodvult,</span> <span class='ocrx_word' id='word_1_140' title='bbox 774 2710 847 2770; x_wconf 92' lang='lat' dir='ltr'>mihi</span> <span class='ocrx_word' id='word_1_141' title='bbox 866 2728 932 2770; x_wconf 86' lang='lat' dir='ltr'>sese</span> <span class='ocrx_word' id='word_1_142' title='bbox 952 2719 1030 2771; x_wconf 80' lang='lat' dir='ltr'>amat</span> <span class='ocrx_word' id='word_1_143' title='bbox 1048 2709 1133 2790; x_wconf 90' lang='lat' dir='ltr'>ipse.&#39;</span> 
     </span>
    </p>
   </div>
   <div class='ocr_carea' id='block_1_13' title="bbox 172 2880 1137 3645">
    <p class='ocr_par' dir='ltr' id='par_1_13' title="bbox 172 2880 1137 3237">
     <span class='ocr_line' id='line_1_26' title="bbox 245 2880 1135 2951; baseline 0.006 -20"><span class='ocrx_word' id='word_1_144' title='bbox 245 2882 382 2934; x_wconf 78' lang='grc' dir='ltr'><strong><em>Ισοκολων</em></strong></span> <span class='ocrx_word' id='word_1_145' title='bbox 401 2881 429 2934; x_wconf 90' lang='grc' dir='ltr'><strong><em>Ρ</em></strong></span> <span class='ocrx_word' id='word_1_146' title='bbox 481 2886 514 2933; x_wconf 78' lang='lat'>82</span> <span class='ocrx_word' id='word_1_147' title='bbox 534 2880 726 2950; x_wconf 85' lang='lat' dir='ltr'>paremembre</span> <span class='ocrx_word' id='word_1_148' title='bbox 741 2884 768 2935; x_wconf 94' lang='lat' dir='ltr'><em>P</em></span> <span class='ocrx_word' id='word_1_149' title='bbox 803 2897 894 2951; x_wconf 85' lang='lat' dir='ltr'>aequa</span> <span class='ocrx_word' id='word_1_150' title='bbox 908 2884 937 2936; x_wconf 77' lang='lat' dir='ltr'>ei</span> <span class='ocrx_word' id='word_1_151' title='bbox 951 2884 979 2935; x_wconf 90' lang='lat' dir='ltr'><strong><em>P</em></strong></span> <span class='ocrx_word' id='word_1_152' title='bbox 1004 2882 1135 2950; x_wconf 80' lang='lat' dir='ltr'>aequalia</span> 
     </span>
     <span class='ocr_line' id='line_1_27' title="bbox 173 2949 1101 3018; baseline 0.004 -14"><span class='ocrx_word' id='word_1_153' title='bbox 173 2949 284 3018; x_wconf 78' lang='lat' dir='ltr'>Sauppe</span> <span class='ocrx_word' id='word_1_154' title='bbox 320 2951 432 3017; x_wconf 84' lang='lat' dir='ltr'>aequali</span> <span class='ocrx_word' id='word_1_155' title='bbox 459 2951 579 3006; x_wconf 80' lang='lat' dir='ltr'>circuitu</span> <span class='ocrx_word' id='word_1_156' title='bbox 598 2954 740 3007; x_wconf 72' lang='lat' dir='ltr'>Baehrens</span> <span class='ocrx_word' id='word_1_157' title='bbox 759 2960 844 3007; x_wconf 73' lang='lat' dir='ltr'>reae?</span> <span class='ocrx_word' id='word_1_158' title='bbox 917 2957 951 3008; x_wconf 76' lang='grc'>84</span> <span class='ocrx_word' id='word_1_159' title='bbox 970 2953 1053 3008; x_wconf 81' lang='lat' dir='ltr'>citius</span> <span class='ocrx_word' id='word_1_160' title='bbox 1073 2956 1101 3008; x_wconf 94' lang='lat' dir='ltr'><em>P</em></span> 
     </span>
     <span class='ocr_line' id='line_1_28' title="bbox 174 3020 1135 3095; baseline 0.005 -22"><span class='ocrx_word' id='word_1_161' title='bbox 174 3021 239 3091; x_wconf 75' lang='lat' dir='ltr'>inn]</span> <span class='ocrx_word' id='word_1_162' title='bbox 267 3020 299 3074; x_wconf 88' lang='lat' dir='ltr'>ir.</span> <span class='ocrx_word' id='word_1_163' title='bbox 319 3022 347 3074; x_wconf 92' lang='lat' dir='ltr'><strong><em>P</em></strong></span> <span class='ocrx_word' id='word_1_164' title='bbox 417 3027 450 3075; x_wconf 79' lang='lat'>85</span> <span class='ocrx_word' id='word_1_165' title='bbox 469 3023 570 3091; x_wconf 86' lang='lat' dir='ltr'>priuiis</span> <span class='ocrx_word' id='word_1_166' title='bbox 589 3042 622 3078; x_wconf 83' lang='lat' dir='ltr'>ec</span> <span class='ocrx_word' id='word_1_167' title='bbox 640 3024 738 3093; x_wconf 81' lang='lat' dir='ltr'>primis</span> <span class='ocrx_word' id='word_1_168' title='bbox 757 3026 785 3079; x_wconf 94' lang='lat' dir='ltr'><strong><em>P</em></strong></span> <span class='ocrx_word' id='word_1_169' title='bbox 805 3043 839 3078; x_wconf 88' lang='lat' dir='ltr'>m.</span> <span class='ocrx_word' id='word_1_170' title='bbox 851 3042 895 3092; x_wconf 79' lang='lat' dir='ltr'>pr.</span> <span class='ocrx_word' id='word_1_171' title='bbox 915 3024 1001 3093; x_wconf 87' lang='lat' dir='ltr'>privis</span> <span class='ocrx_word' id='word_1_172' title='bbox 1022 3025 1135 3095; x_wconf 63' lang='lat' dir='ltr'>Quechev</span> 
     </span>
     <span class='ocr_line' id='line_1_29' title="bbox 172 3091 1134 3164; baseline 0.002 -18"><span class='ocrx_word' id='word_1_173' title='bbox 172 3098 218 3146; x_wconf 82' lang='lat' dir='ltr'>rai</span> <span class='ocrx_word' id='word_1_174' title='bbox 254 3091 426 3147; x_wconf 80' lang='lat' dir='ltr'>destribuela</span> <span class='ocrx_word' id='word_1_175' title='bbox 444 3096 473 3148; x_wconf 93' lang='lat' dir='ltr'><strong><em>P</em></strong></span> <span class='ocrx_word' id='word_1_176' title='bbox 524 3099 558 3148; x_wconf 86' lang='grc'>86</span> <span class='ocrx_word' id='word_1_177' title='bbox 577 3095 645 3164; x_wconf 82' lang='lat' dir='ltr'>faga</span> <span class='ocrx_word' id='word_1_178' title='bbox 659 3097 687 3149; x_wconf 94' lang='lat' dir='ltr'><strong><em>P</em></strong></span> <span class='ocrx_word' id='word_1_179' title='bbox 743 3099 778 3149; x_wconf 84' lang='grc'>88</span> <span class='ocrx_word' id='word_1_180' title='bbox 796 3095 915 3149; x_wconf 79' lang='lat' dir='ltr'>namatio</span> <span class='ocrx_word' id='word_1_181' title='bbox 932 3097 960 3149; x_wconf 94' lang='lat' dir='ltr'><strong><em>P</em></strong></span> <span class='ocrx_word' id='word_1_182' title='bbox 1012 3101 1045 3149; x_wconf 83' lang='lat'>89</span> <span class='ocrx_word' id='word_1_183' title='bbox 1064 3097 1134 3150; x_wconf 76' lang='lat' dir='ltr'>iem-</span> 
     </span>
     <span class='ocr_line' id='line_1_30' title="bbox 172 3164 1137 3237; baseline 0.005 -21"><span class='ocrx_word' id='word_1_184' title='bbox 172 3179 241 3233; x_wconf 85' lang='lat' dir='ltr'>pore</span> <span class='ocrx_word' id='word_1_185' title='bbox 259 3164 333 3217; x_wconf 81' lang='lat' dir='ltr'>iusto</span> <span class='ocrx_word' id='word_1_186' title='bbox 353 3166 433 3220; x_wconf 78' lang='lat' dir='ltr'>Riese</span> <span class='ocrx_word' id='word_1_187' title='bbox 512 3172 544 3220; x_wconf 88' lang='grc'>91</span> <span class='ocrx_word' id='word_1_188' title='bbox 564 3166 594 3218; x_wconf 90' lang='lat' dir='ltr'>in</span> <span class='ocrx_word' id='word_1_189' title='bbox 612 3183 642 3220; x_wconf 87' lang='lat' dir='ltr'>re</span> <span class='ocrx_word' id='word_1_190' title='bbox 662 3167 772 3235; x_wconf 78' lang='lat' dir='ltr'>Sauppe</span> <span class='ocrx_word' id='word_1_191' title='bbox 845 3173 878 3220; x_wconf 78' lang='lat'>92</span> <span class='ocrx_word' id='word_1_192' title='bbox 897 3166 999 3234; x_wconf 81' lang='lat' dir='ltr'>lybyco</span> <span class='ocrx_word' id='word_1_193' title='bbox 1018 3182 1089 3237; x_wconf 83' lang='lat' dir='ltr'>gene</span> <span class='ocrx_word' id='word_1_194' title='bbox 1108 3169 1137 3221; x_wconf 93' lang='lat' dir='ltr'><strong><em>P</em></strong></span> 
     </span>
    </p>

    <p class='ocr_par' dir='ltr' id='par_1_14' title="bbox 172 3237 1134 3645">
     <span class='ocr_line' id='line_1_31' title="bbox 245 3237 1134 3308; baseline 0.002 -20"><span class='ocrx_word' id='word_1_195' title='bbox 245 3240 278 3288; x_wconf 84' lang='lat'>93</span> <span class='ocrx_word' id='word_1_196' title='bbox 299 3251 345 3288; x_wconf 81' lang='lat' dir='ltr'>am</span> <span class='ocrx_word' id='word_1_197' title='bbox 364 3251 458 3289; x_wconf 84' lang='lat' dir='ltr'>arcem</span> <span class='ocrx_word' id='word_1_198' title='bbox 477 3238 510 3303; x_wconf 90' lang='lat' dir='ltr'>P,</span> <span class='ocrx_word' id='word_1_199' title='bbox 538 3241 674 3292; x_wconf 80' lang='lat' dir='ltr'>ceteruia</span> <span class='ocrx_word' id='word_1_200' title='bbox 696 3237 1016 3308; x_wconf 79' lang='lat' dir='ltr'>Sirmaade&#39;apaprapho</span> <span class='ocrx_word' id='word_1_201' title='bbox 1052 3256 1134 3291; x_wconf 74' lang='lat' dir='ltr'>cuxa-</span> 
     </span>
     <span class='ocr_line' id='line_1_32' title="bbox 172 3307 1064 3378; baseline 0.003 -19"><span class='ocrx_word' id='word_1_202' title='bbox 172 3309 242 3369; x_wconf 74' lang='grc' dir='ltr'><strong>λισις</strong></span> <span class='ocrx_word' id='word_1_203' title='bbox 259 3308 294 3372; x_wconf 91' lang='lat' dir='ltr'>P,</span> <span class='ocrx_word' id='word_1_204' title='bbox 315 3324 363 3361; x_wconf 85' lang='lat' dir='ltr'>em.</span> <span class='ocrx_word' id='word_1_205' title='bbox 383 3308 494 3375; x_wconf 79' lang='lat' dir='ltr'>Sauppe</span> <span class='ocrx_word' id='word_1_206' title='bbox 567 3314 600 3361; x_wconf 88' lang='grc'>94</span> <span class='ocrx_word' id='word_1_207' title='bbox 618 3308 736 3362; x_wconf 81' lang='lat' dir='ltr'>uerbum</span> <span class='ocrx_word' id='word_1_208' title='bbox 755 3310 863 3364; x_wconf 74' lang='lat' dir='ltr'>Aureus</span> <span class='ocrx_word' id='word_1_209' title='bbox 899 3307 1019 3378; x_wconf 76' lang='grc' dir='ltr'>ωρισμός</span> <span class='ocrx_word' id='word_1_210' title='bbox 1037 3311 1064 3362; x_wconf 92' lang='grc' dir='ltr'><strong><em>Ρ</em></strong></span> 
     </span>
     <span class='ocr_line' id='line_1_33' title="bbox 173 3377 1134 3447; baseline 0.001 -16"><span class='ocrx_word' id='word_1_211' title='bbox 173 3382 206 3432; x_wconf 83' lang='grc'>96</span> <span class='ocrx_word' id='word_1_212' title='bbox 226 3377 261 3444; x_wconf 75' lang='lat' dir='ltr'>cf.</span> <span class='ocrx_word' id='word_1_213' title='bbox 284 3378 360 3432; x_wconf 89' lang='lat' dir='ltr'>Mus.</span> <span class='ocrx_word' id='word_1_214' title='bbox 379 3379 453 3433; x_wconf 80' lang='lat' dir='ltr'>rhea.</span> <span class='ocrx_word' id='word_1_215' title='bbox 465 3383 507 3444; x_wconf 83' lang='lat'>46,</span> <span class='ocrx_word' id='word_1_216' title='bbox 518 3384 577 3432; x_wconf 82' lang='grc'><strong>949.</strong></span> <span class='ocrx_word' id='word_1_217' title='bbox 594 3385 636 3446; x_wconf 79' lang='lat'>51,</span> <span class='ocrx_word' id='word_1_218' title='bbox 647 3385 697 3432; x_wconf 76' lang='lat'>327</span> <span class='ocrx_word' id='word_1_219' title='bbox 772 3385 805 3431; x_wconf 86' lang='lat'>98</span> <span class='ocrx_word' id='word_1_220' title='bbox 826 3379 919 3447; x_wconf 83' lang='lat' dir='ltr'>Dilige</span> <span class='ocrx_word' id='word_1_221' title='bbox 938 3381 966 3434; x_wconf 92' lang='lat' dir='ltr'><strong><em>P</em></strong></span> <span class='ocrx_word' id='word_1_222' title='bbox 1004 3379 1076 3434; x_wconf 85' lang='lat' dir='ltr'>velle</span> <span class='ocrx_word' id='word_1_223' title='bbox 1103 3380 1134 3432; x_wconf 87' lang='lat' dir='ltr'>id</span> 
     </span>
     <span class='ocr_line' id='line_1_34' title="bbox 172 3448 1063 3519; baseline 0.003 -17"><span class='ocrx_word' id='word_1_224' title='bbox 172 3449 248 3516; x_wconf 88' lang='lat' dir='ltr'>quod</span> <span class='ocrx_word' id='word_1_225' title='bbox 276 3448 386 3517; x_wconf 86' lang='lat' dir='ltr'>Sauppe</span> <span class='ocrx_word' id='word_1_226' title='bbox 422 3450 498 3519; x_wconf 74' lang='lat' dir='ltr'>]uert</span> <span class='ocrx_word' id='word_1_227' title='bbox 516 3449 546 3501; x_wconf 90' lang='lat' dir='ltr'>id</span> <span class='ocrx_word' id='word_1_228' title='bbox 565 3452 593 3505; x_wconf 93' lang='lat' dir='ltr'><strong><em>P</em></strong></span> <span class='ocrx_word' id='word_1_229' title='bbox 626 3449 716 3519; x_wconf 75' lang='lat' dir='ltr'>prasii</span> <span class='ocrx_word' id='word_1_230' title='bbox 739 3452 768 3504; x_wconf 80' lang='lat' dir='ltr'>et</span> <span class='ocrx_word' id='word_1_231' title='bbox 786 3452 821 3516; x_wconf 91' lang='lat' dir='ltr'>P,</span> <span class='ocrx_word' id='word_1_232' title='bbox 846 3468 893 3504; x_wconf 84' lang='lat' dir='ltr'>em.</span> <span class='ocrx_word' id='word_1_233' title='bbox 914 3451 1063 3518; x_wconf 77' lang='lat' dir='ltr'>Emperc&#39;us</span> 
     </span>
     <span class='ocr_line' id='line_1_35' title="bbox 173 3519 1132 3592; baseline 0 -19"><span class='ocrx_word' id='word_1_234' title='bbox 173 3525 206 3573; x_wconf 90' lang='grc'>99</span> <span class='ocrx_word' id='word_1_235' title='bbox 225 3519 287 3572; x_wconf 81' lang='lat' dir='ltr'>vult</span> <span class='ocrx_word' id='word_1_236' title='bbox 311 3519 389 3584; x_wconf 85' lang='lat' dir='ltr'>mihi,</span> <span class='ocrx_word' id='word_1_237' title='bbox 418 3535 478 3574; x_wconf 87' lang='lat' dir='ltr'>sese</span> <span class='ocrx_word' id='word_1_238' title='bbox 505 3521 616 3588; x_wconf 86' lang='lat' dir='ltr'>Sauppe</span> <span class='ocrx_word' id='word_1_239' title='bbox 651 3521 734 3592; x_wconf 85' lang='lat' dir='ltr'>mihi]</span> <span class='ocrx_word' id='word_1_240' title='bbox 761 3520 808 3574; x_wconf 93' lang='lat' dir='ltr'>hic</span> <span class='ocrx_word' id='word_1_241' title='bbox 836 3522 917 3577; x_wconf 77' lang='lat' dir='ltr'>Rau</span> <span class='ocrx_word' id='word_1_242' title='bbox 947 3521 1013 3576; x_wconf 78' lang='lat' dir='ltr'>olim</span> <span class='ocrx_word' id='word_1_243' title='bbox 1043 3521 1132 3589; x_wconf 83' lang='lat' dir='ltr'>magi&#39;</span> 
     </span>
     <span class='ocr_line' id='line_1_36' title="bbox 172 3591 320 3645; baseline 0 -1"><span class='ocrx_word' id='word_1_244' title='bbox 172 3591 320 3645; x_wconf 79' lang='lat' dir='ltr'>Buecheler</span> 
     </span>
    </p>
   </div>
   <div class='ocr_carea' id='block_1_14' title="bbox 0 0 1303 3920">
    <p class='ocr_par' dir='ltr' id='par_1_15' title="bbox 0 0 1303 3920">
     <span class='ocr_line' id='line_1_37' title="bbox 0 0 1303 3920; baseline 0 0"><span class='ocrx_word' id='word_1_245' title='bbox 0 0 1303 3920; x_wconf 95' lang='lat' dir='ltr'> </span> 
     </span>
    </p>
   </div>
  </div>
 </body>
</html>
