2598 3922
551 231 570 285 C
587 237 647 298 716,
661 247 741 287 co-ao

167 399 214 458 Vti
236 406 272 459 ut
295 398 405 459 divitiis
428 398 554 478 bonitas,
579 401 623 460 sic
646 399 733 460 luxus
757 399 847 461 abuti.

166 486 232 548 Non
256 506 364 567 peccas
386 494 460 567 tum,
484 506 551 548 cum
574 506 699 567 peccare
722 490 843 568 impune
866 487 978 550 licebit.

167 577 243 657 Spes
266 577 338 638 lacit
360 575 542 638 inlecebram
562 578 685 656 visuque
709 577 801 639 libido
824 585 968 639 movetur.

167 665 243 726 Vera
266 665 364 728 libens
387 665 477 745 dices,
501 684 681 746 quamquam
704 668 765 727 sint
787 685 892 746 aspera
916 667 1006 728 dictu.

124 754 275 838 eo'lristis
299 754 383 816 adest
404 773 530 833 maeror,
557 757 584 815 si
607 764 705 816 cesset
727 757 804 817 laeta
827 756 971 818 voluntas.

166 842 232 905 Non
256 844 328 904 iacit
349 845 414 923 ipse
437 861 533 923 aeger,
557 844 637 923 quod
660 863 751 906 sanus
775 846 903 906 suaserit
927 862 1023 923 aegro.

165 932 331 994 Absentum
354 945 458 994 causas
482 940 586 994 eontra
608 933 765 995 maledicta
788 941 881 996 tuere.

166 1021 249 1101 lpsos
273 1021 411 1082 absentes
434 1024 572 1083 inimicos
595 1021 714 1084 laedere
737 1023 807 1084 noli.

166 1110 255 1172 Vlcus
277 1113 437 1191 proserpit,
461 1111 540 1190 quod
563 1111 652 1172 stulta
676 1112 794 1173 silentia
818 1111 923 1174 celant.

122 1215 150 1254 es
165 1198 223 1270 Qui
245 1201 326 1260 vinci
348 1218 414 1261 sese
437 1202 550 1279 patitur
572 1219 626 1280 pro
649 1209 793 1281 tempore,
816 1203 917 1262 vincit

166 1287 260 1349 Nemo
282 1290 324 1350 ita
348 1288 515 1370 despectus,
539 1291 611 1368 quin
633 1292 729 1369 possit
751 1289 869 1351 laedere
892 1288 999 1351 laesus.
1089 1313 1091 1316 ·

166 1377 241 1439 Cum
265 1396 387 1440 accusas
411 1378 511 1458 alium,
533 1381 685 1459 propriam
708 1382 793 1458 prius
816 1381 931 1458 inspice
954 1381 1053 1440 vitam.

166 1465 261 1529 Nemo
283 1485 369 1528 reum
393 1467 491 1548 iaciat,
515 1469 568 1548 qui
590 1467 653 1529 vult
677 1468 736 1528 dici
760 1468 818 1529 sibi
841 1486 954 1529 verum.

166 1555 191 1616 A
215 1555 270 1617 deo
295 1565 486 1636 expectemus
509 1558 682 1636 longaevam
706 1557 816 1618 ducere
840 1560 937 1618 vitam.

125 1661 152 1701 eo
166 1644 248 1706 Votis
272 1663 445 1707 concessam
469 1646 566 1708 scelus
590 1653 637 1708 est
660 1646 758 1708 odisse
782 1654 942 1724 senectam,

166 1732 315 1814 Quicquid
337 1737 504 1814 inoptatum
528 1735 615 1816 cadit,
638 1735 695 1796 hoc
718 1735 807 1796 homo
831 1737 961 1814 corrigat
983 1743 1055 1796 arte.

166 1822 290 1886 Consilii
313 1826 449 1904 regimen
471 1826 575 1886 virtuti
598 1826 732 1904 corporis
755 1823 839 1886 adde.

166 1912 292 1974 Vincere
315 1913 391 1974 velle
414 1920 482 1975 tuos
504 1932 648 1994 perquam
671 1916 796 1975 victoria
818 1916 924 1994 turpis.

167 2000 242 2062 Cum
266 2003 337 2064 vitia
360 2003 484 2063 alterius
507 2005 579 2065 satis
603 2006 665 2064 aori
688 2004 800 2064 lumine
824 2021 929 2064 cernas

122 2105 150 2146 ⁶⁵
167 2089 229 2152 Nec
251 2099 305 2154 tua
325 2093 500 2171 prospicias,
523 2093 559 2154 lis
578 2111 672 2154 -verus
696 2094 821 2153 crimine
845 2110 960 2154 caecus.

166 2178 395 2260 Nonnumquam
418 2179 502 2242 vultu
524 2183 636 2260 tegitur
657 2200 743 2242 mens
766 2189 861 2243 taetra
885 2199 1001 2242 sereno.

165 2269 280 2331 Durum
304 2271 393 2331 etiam
416 2269 534 2330 facilem
557 2271 629 2332 lacit
651 2271 815 2332 adsuetudo
838 2269 979 2332 laborem.

168 2358 301 2438 Quisque
324 2360 417 2419 miser
441 2378 512 2420 casu
535 2358 658 2421 alterius
683 2361 787 2421 solatia
810 2368 916 2421 sumat.

167 2448 200 2509 Si
221 2450 305 2528 piget
328 2447 459 2527 admissi,
483 2450 668 2510 committere
691 2468 781 2528 parce
803 2449 940 2529 pigenda.

122 2551 153 2593 ao
167 2536 271 2598 Robur
295 2537 451 2598 confirmat
473 2536 566 2616 labor,
589 2545 619 2600 at
641 2536 727 2617 longa
752 2540 811 2600 otia
835 2539 960 2599 solvunt.

237 2696 344 2745 46-54
362 2707 412 2745 oea
433 2693 461 2746 A
523 2697 558 2746 46
577 2691 685 2746 diutius
704 2695 738 2759 P,
765 2691 812 2746 sed
837 2708 943 2760 cerco
971 2693 1031 2760 (qui
1057 2691 1132 2746 soloe

163 2778 273 2818 meum
290 2763 387 2832 habet).
427 2763 468 2830 Of.
490 2763 603 2818 Oetacis
621 2764 727 2818 dionei.
746 2764 803 2817 III
813 2769 846 2816 21
868 2761 965 2816 ‘Utere
984 2761 1130 2830 quaesitis,

165 2833 214 2888 sed
233 2849 270 2888 ne
287 2833 412 2888 videaris
430 2833 531 2889 abuti!
605 2839 638 2888 47
658 2836 757 2904 peccat
774 2836 809 2901 P,
827 2851 896 2889 corr.
912 2835 971 2902 pE
1004 2835 1037 2887 tri
1056 2834 1084 2887 P

164 2910 199 2959 le
218 2905 367 2960 illecebras
386 2907 417 2960 E
451 2923 504 2960 usu
520 2906 554 2970 P,
564 2922 633 2960 cors.
638 2907 711 2974 Μ)
744 2906 852 2962 uisuO
904 2911 939 2958 60
958 2904 1007 2975 ιιι]
1026 2919 1131 2957 memor

164 2978 192 3032 P
226 2993 255 3029 m
272 2993 356 3046 rorp
391 2976 491 3032 messis
518 2976 549 3030 E
585 2979 675 3032 cesset
702 2978 764 3031 PE
806 2977 890 3031 cessit
917 2977 1060 3032 Baehrens

163 3053 198 3102 62
218 3066 247 3102 m
277 3046 372 3102 edicti
390 3049 425 3115 P,
443 3065 550 3116 comp
623 3053 656 3102 66
675 3047 798 3102 uincisse
816 3049 845 3102 P
877 3047 955 3103 uinci
974 3064 995 3102 s.
1014 3047 1078 3102 AB

164 3125 199 3174 66
219 3119 364 3202 dispectus
381 3119 440 3173 PA
477 3120 555 3188 desp.
571 3120 602 3174 E
654 3123 760 3172 66-61
780 3136 830 3174 em.
846 3121 874 3174 A
928 3124 961 3174 69
981 3121 1013 3174 io
1030 3119 1087 3174 eolo
1105 3118 1133 3171 P

164 3191 317 3260 expectrm'
338 3190 367 3243 P
400 3190 558 3260 expetimus
578 3191 699 3244 Hoerner
716 3191 758 3245 oet
776 3193 954 3260 expectemus
1010 3195 1043 3244 61
1064 3191 1130 3244 ante

164 3262 226 3317 PE
262 3263 324 3316 erte
348 3261 376 3316 V
444 3265 477 3315 63
497 3279 547 3315 om.
568 3263 632 3316 AB
666 3276 804 3330 perquam
823 3263 851 3316 P
883 3261 965 3333 ]saiis
985 3261 1071 3316 estO

165 3337 199 3387 64
219 3331 277 3387 Con
300 3334 336 3400 P,
363 3349 471 3401 emp
507 3331 577 3386 Oum
596 3335 623 3387 A
661 3333 751 3387 cernis
775 3334 842 3399 PA,
870 3350 938 3388 corr.
959 3334 1059 3387 Maius

163 3409 198 3457 66
218 3403 301 3459 sisP
330 3403 405 3459 fisA
441 3419 525 3458 uerus
541 3405 598 3458 PA
629 3419 694 3458 vero
709 3405 858 3458 Boecleeler
911 3408 1016 3457 66-76
1035 3402 1131 3457 om.A

235 3474 410 3529 credonem
429 3476 457 3529 P
491 3475 540 3529 -do
556 3476 614 3544 pE
699 3481 734 3529 68
753 3477 846 3528 sumat
865 3475 893 3528 P
925 3474 1060 3528 rimatE

163 3552 198 3601 69
216 3546 303 3616 pigea
320 3546 400 3600 mirsi
419 3546 453 3612 P,
471 3561 539 3602 corr.
557 3563 579 3614 p
598 3556 657 3608 (om.
677 3547 716 3616 Ε)
791 3550 824 3599 '10
842 3547 882 3599 sic
901 3546 931 3599 E
965 3545 1059 3598 liobor
1078 3547 1106 3600 P

163 3621 195 3673 st
212 3619 244 3673 E
269 3619 320 3671 aut
338 3619 366 3672 P
