2586 3922
215 280 280 346 346
536 281 564 338 0.
580 287 641 351 sis,
656 299 742 339 11-21.
767 283 794 339 ο.
811 289 862 338 suo

321 441 371 496 Nil
388 459 445 497 non
464 443 524 498 solu
542 446 651 514 potens,
670 444 720 500 ubi

392 523 513 579 Furtivis
531 541 679 594 procerum
698 524 846 595 suppliciis
864 524 963 595 prooul

320 604 434 674 Regnes
452 604 483 658 in
501 605 614 674 proptio
634 605 721 662 sinu„

391 684 479 753 Felix,
498 702 582 754 quem
600 686 705 741 teneris
723 687 815 740 muter
832 686 868 739 ub
887 684 1028 756 unguibus

320 764 358 819 Et
374 765 475 834 regins
492 766 570 835 rupis
589 766 684 821 simull

392 844 456 899 Non
473 845 556 900 illum
575 846 715 918 [tumidis]
735 846 859 901 fascibus
879 846 997 900 arduum
1031 875 1032 878 ¹

322 924 423 979 Versat
440 925 575 980 nobilitas
594 927 671 981 mals

393 1003 529 1061 Guseuum
546 1005 661 1062 fusilem
679 1006 820 1073 fluetibus,
839 1009 872 1062 ut
890 1006 948 1060 suis

323 1084 426 1139 Orbem
444 1087 584 1142 sideribus
602 1089 684 1142 rotet.

392 1166 476 1221 Illum
495 1168 645 1237 splendido
662 1185 718 1222 nox
736 1170 766 1223 st
784 1169 869 1222 decor
885 1166 1014 1237 improbe

321 1245 426 1301 Caecus
444 1248 635 1317 prseoipituut
655 1291 661 1301 .
681 1291 687 1301 .

320 1685 474 1753 Postquam
492 1685 547 1739 iius
566 1684 626 1739 solo
645 1685 732 1740 semel

393 1765 506 1834 Spernit
523 1765 689 1836 fluctivagos
707 1781 810 1820 uuoots
829 1765 939 1819 novitus

322 1846 354 1899 In
373 1861 486 1900 suevum
504 1846 623 1916 pelagus
642 1846 731 1916 sequi,

393 1925 483 1991 Quam
501 1927 574 1980 vitet
591 1926 692 1981 rabido
709 1927 864 1996 peruieiem
882 1927 962 1992 mari,

321 2007 354 2060 In
374 2009 445 2060 †suo
463 2006 570 2076 reperit
588 2007 659 2060 sinu.

392 2086 562 2141 Haerentem
580 2087 698 2142 tumidis
718 2129 723 2140 .
740 2131 745 2141 .
762 2130 768 2142 .
788 2087 920 2143 dentibus

322 2167 433 2238 Aerugo
452 2167 566 2237 propris
585 2167 686 2222 exedit.

392 2247 430 2300 Ni
448 2249 478 2302 te
497 2247 606 2303 desidis
625 2250 723 2302 sanctu
742 2249 821 2316 quies
840 2247 922 2317 levet,

322 2327 430 2382 Turbes
449 2328 516 2382 dum
534 2328 634 2398 populi
653 2328 737 2399 fugis,

392 2407 512 2462 Privatis
532 2409 643 2476 quoties
661 2408 722 2462 futu
740 2408 918 2476 tumultibus,

322 2490 402 2544 inte
421 2488 518 2543 ludere
537 2489 676 2558 pervicax.

392 2569 450 2624 Nos
470 2586 583 2624 somnus
601 2569 731 2639 vigilans,
752 2569 819 2640 [quo
838 2569 962 2642 placide]
985 2569 1071 2635 fruor,

321 2649 414 2704 'Portis
432 2649 536 2704 liberat
554 2649 706 2720 unguibus:

226 2734 235 2748 ''
393 2731 431 2785 At
448 2746 544 2800 presso
564 2730 679 2801 gracilis
698 2729 770 2785 (iure
788 2733 885 2785 munet
903 2732 983 2801 psde.

288 2923 320 2971 16
339 2917 456 2972 tumidis
475 2919 539 2973 add.
557 2919 726 2985 Werrssdorf,
744 2918 843 2988 populi
854 2920 913 2974 Art
973 2924 1006 2973 19
1026 2917 1134 2973 Orbum
1152 2921 1177 2987 b,

215 2991 322 3044 eorreoer'
340 2991 369 3058 (i.
385 3007 406 3043 e.
426 2997 458 3044 rrt
474 3006 527 3044 sua
541 2991 669 3057 potentia
688 2992 776 3045 orbern
795 2996 931 3048 terrarum
948 2992 1088 3062 preberrret)

217 3067 250 3114 20
269 3061 414 3130 improbus
433 3077 547 3114 osseum
566 3062 716 3116 Baehrens.

286 3167 357 3222 920.
390 3173 405 3220 2
425 3167 520 3237 pemit
536 3213 541 3222 .
557 3212 562 3223 .
579 3169 701 3222 snohoru
721 3170 736 3223 b
808 3174 825 3221 4
844 3168 944 3223 rubido
963 3170 1108 3226 Borbrerrs

216 3239 370 3310 grauidob
450 3238 517 3292 5111
535 3241 597 3292 tuto
616 3240 696 3294 idem.
724 3240 801 3293 Num
820 3239 851 3292 In
871 3246 957 3294 suno?
993 3241 1100 3310 repetit
1119 3243 1177 3311 b(?)

288 3317 426 3380 suggere
445 3309 509 3367 add.
529 3311 596 3376 Art,
624 3326 691 3364 uum
713 3310 788 3365 mule
812 3312 945 3379 Werrrsd.‚
974 3312 1077 3368 validis
1096 3312 1179 3368 litore

216 3385 357 3438 Baehrens
430 3387 462 3435 12
481 3381 537 3452 vig.
553 3398 665 3435 somnus
682 3383 707 3447 b,
726 3385 886 3452 transposui
921 3400 976 3451 quo
996 3383 1110 3453 placide
1129 3386 1177 3438 ud·

216 3455 277 3510 didi
312 3453 390 3506 furor
421 3453 491 3521 rorrj.
524 3453 622 3508 Barth.
665 3452 746 3508 labor
777 3455 920 3509 Baehrens
1030 3462 1063 3508 14
1081 3456 1178 3510 vacuis

216 3527 358 3580 Baebrrrrs
