2594 3920
525 181 724 250 caseon
1064 181 1105 246 31

104 360 130 400 ³⁰
144 348 239 410 Attica
253 367 322 408 nam
336 352 436 410 minor
450 357 509 410 est:
527 357 575 410 ter
589 351 720 429 quinque
735 348 812 409 hane
829 348 958 427 denique
978 348 1108 428 dragmis

144 438 181 498 Et
203 445 251 498 ter
273 440 387 500 vicenis
410 439 532 500 tradunt
556 439 704 518 explerier
726 456 825 499 unam.

210 527 319 607 Accipe
343 535 507 608 praeterea,
531 547 621 608 parvo
645 546 734 607 quam
758 529 878 589 nomine
903 525 973 588 Grai

142 617 240 677 binam
263 619 394 677 vocitant
417 619 572 696 nostrique
595 619 706 678 minam
731 616 832 677 dixere
855 619 980 696 priores.

143 706 269 767 Centum
293 705 348 767 hae
372 715 443 768 sunt
466 705 617 787 dragmae,
642 706 771 785 quodsi
795 705 982 785 decerpseris
1006 706 1065 766 illis

103 804 129 846 ³⁶
143 794 297 873 Quattuor,
321 795 435 856 ellicies
457 796 534 856 hanc
557 803 689 858 nostram
714 795 842 875 denique
865 795 987 875 libram3

142 884 238 945 Attica
262 903 337 964 qnae
359 885 420 964 het,
445 887 471 945 si
494 893 629 964 quartam
654 884 820 963 dempseris
843 903 941 946 unam.

143 973 321 1053 Cecropium
345 982 482 1052 superest
505 975 667 1053 posthaec
690 976 820 1035 vocitare
845 973 986 1035 talentum

144 1062 303 1142 Sexaginta
326 1065 431 1140 minas,
455 1082 508 1124 seu
532 1066 585 1142 vis,
609 1063 765 1124 sexmilia
791 1064 935 1143 dragmas,

143 1151 228 1223 Quod
252 1170 401 1215 summum
426 1151 521 1213 doctis
544 1153 719 1233 perhibetur
741 1152 858 1232 pondus
881 1152 1018 1234 Athenis,

103 1253 129 1292 4⁰
143 1241 218 1301 Nam
241 1241 317 1302 nihil
340 1242 387 1302 his
410 1241 532 1303 obolove
555 1244 655 1303 minus
678 1245 809 1303 maiusve
833 1241 952 1304 talento.

210 1329 297 1391 Nunc
322 1329 426 1409 dicam,
451 1331 562 1392 solidae
587 1350 662 1411 quae
686 1334 726 1391 sit
750 1331 855 1394 divisio
880 1332 973 1394 librae

144 1419 211 1479 Sive
235 1422 310 1480 assis
335 1413 418 1502 (nam
442 1423 486 1481 sic
509 1421 608 1499 legum
632 1420 734 1482 dixere
756 1415 870 1504 periti),

143 1508 186 1568 Ex
210 1528 268 1588 quo
292 1509 372 1588 quod
396 1508 452 1571 soli
475 1512 609 1589 capimus
631 1509 826 1590 perhibemur
847 1510 966 1589 habere,

142 1597 278 1658 Dicimur
300 1605 351 1658 aut
373 1601 467 1677 partis
492 1598 604 1661 domini
626 1618 680 1679 pro
703 1599 839 1678 partibus
862 1600 960 1660 huius.

102 1697 129 1738 45
143 1686 234 1747 Vncia
257 1689 284 1748 si
306 1687 399 1748 librae
424 1687 509 1768 desit,
533 1689 635 1750 dixere
660 1688 813 1767 deuncem,

143 1775 184 1836 Ac
208 1779 233 1836 si
257 1783 422 1837 sextantem
447 1778 589 1856 retrahas,
614 1781 672 1838 erit
695 1777 744 1838 ille
770 1777 919 1838 decuucis.

145 1865 202 1925 Sed
226 1865 341 1926 nullum
365 1866 479 1944 reliquo
504 1885 613 1927 nomen
636 1869 790 1927 semuncia
813 1874 928 1927 certum

143 1953 267 2034 Dempta
292 1954 381 2034 dabit,
400 1974 497 2034 neque
519 1955 621 2035 [quae]
642 1963 688 2016 est
705 1955 800 2017 huius.
815 1957 971 2016 sescuncia
991 1954 1107 2034 triplex.

143 2043 323 2104 Dodrantem
347 2044 497 2124 reliquum
519 2047 650 2106 vocitant
673 2044 837 2124 quadrante
862 2052 1004 2125 retracto3

104 2142 130 2182 ⁵⁰
144 2131 278 2212 Cumque
302 2135 396 2194 triens
421 2133 506 2212 desit,
529 2133 649 2196 bessem
674 2133 774 2195 dixere
799 2136 924 2213 priores,

143 2220 225 2281 ldem
250 2230 423 2300 septuncem
448 2222 567 2302 dempto
591 2227 759 2303 quincunce
782 2230 933 2284 vocarunt.

143 2310 214 2370 Post
236 2311 309 2372 haec
333 2314 467 2372 semissis
491 2313 578 2373 solidi
601 2332 671 2393 pars
693 2315 820 2373 maxima
845 2313 956 2394 i'ertur3

143 2398 218 2460 Nam
243 2419 317 2478 quae
342 2400 496 2462 dimidium
521 2409 650 2481 superat,
673 2421 743 2481 pars
767 2419 834 2462 esse
858 2409 992 2480 negatur,

143 2488 179 2549 Vt
203 2488 303 2549 docuit
326 2492 410 2550 tenui
434 2491 569 2552 scribens
594 2494 624 2551 in
648 2491 769 2570 pulvere
793 2490 884 2551 Musa.

215 2683 249 2732 30
267 2679 406 2749 quinques
425 2630 462 2734 ai
481 2682 508 2735 A
536 2680 630 2748 quinis
648 2679 690 2735 A’
717 2680 791 2734 hanc
809 2681 850 2734 oei
867 2680 937 2733 haec
957 2681 993 2746 B,
1013 2695 1063 2733 om.
1081 2679 1108 2735 A

143 2755 176 2803 32
195 2750 289 2819 patrio
309 2751 423 2806 Vinctus
495 2757 528 2804 33
548 2751 621 2805 Nam
638 2752 708 2807 A²B
744 2767 840 2805 mnam
857 2751 928 2806 A'B
963 2751 1108 2818 nostrique

136 2821 249 2876 'minem
267 2829 293 2877 et
317 2822 424 2892 priores
443 2839 493 2878 om.
513 2824 562 2888 A¹‚
591 2825 640 2892 qui
663 2827 719 2891 qui,
743 2823 837 2876 dixere
860 2821 956 2876 duella
974 2840 1008 2876 ee
1025 2839 1049 2876 e.
1066 2827 1107 2875 23.

144 2893 225 2948 Recte
245 2894 314 2949 A²B
387 2901 421 2948 34
441 2910 514 2962 quae
533 2895 558 2948 si
577 2896 604 2949 A
686 2901 719 2948 36
740 2910 850 2948 emnam
869 2894 935 2948 libri
952 2910 1038 2947 unam
1061 2893 1108 2946 Vi·

143 2971 229 3020 eetue.
304 2971 337 3019 37
358 2966 486 3020 docuisse
501 2965 574 3032 libri,
593 2967 650 3020 nisi
663 2967 736 3034 quod
749 2979 851 3019 uocare
865 2966 915 3028 A¹,
936 2964 1039 3019 dixisse
1058 2965 1108 3033 A⁸,

144 3036 269 3090 nocituro
296 3054 316 3090 aa
344 3033 500 3092 memorare
528 3038 692 3092 Haltechius
746 3037 856 3090 novisse
888 3037 1037 3090 lltetorewle

146 3111 178 3159 38
197 3107 281 3161 minis
300 3108 342 3162 A²
369 3125 449 3162 mnas
470 3110 584 3163 Wuetres
602 3108 646 3162 bis
666 3109 731 3162 libri
767 3107 891 3177 dragmis
906 3108 955 3178 ΑΙ,
976 3107 1107 3178 dragmas

145 3179 185 3232 A’
257 3184 291 3231 42
312 3178 367 3233 Seu
385 3182 446 3246 AB
528 3185 562 3234 43
582 3180 708 3249 cepimus
726 3178 887 3250 peribemur
904 3181 932 3234 A
1013 3185 1047 3231 46
1067 3181 1107 3232 Ao

147 3250 175 3302 xi
193 3252 221 3304 A
259 3249 391 3304 detrahas
411 3251 477 3305 A¹u
514 3252 630 3306 deuncis
650 3251 692 3306 A¹
782 3257 814 3304 47
834 3250 963 3318 relinquo
982 3251 1022 3304 A¹

146 3326 179 3375 48
198 3337 270 3390 quae
296 3322 360 3375 add.
387 3323 553 3389 Werusdorf
601 3323 686 3376 huius
710 3339 760 3376 om.
780 3324 808 3377 A
863 3320 1008 3376 sescuncia
1031 3321 1073 3376 Α*

147 3392 277 3446 sexuncia
295 3393 338 3447 A¹
428 3399 566 3448 bonesen
585 3394 627 3449 A¹
662 3393 749 3447 besen
777 3393 850 3448 A²B
941 3398 973 3446 51
995 3393 1107 3460 septun-

147 3499 215 3583 cem
228 3500 285 3627 Ap
322 3483 412 3570 deniq.
441 3501 482 3556 A¹
573 3499 864 3568 nequamneuam
890 3501 918 3554 A
1009 3505 1043 3550 n
1066 3502 1108 3552 eo-

146 3587 207 3624 nult
