2594 3920
192 243 233 307 12
574 243 602 298 (1.
618 249 679 311 485,
693 259 774 298 sr-es

190 407 331 472 ‘Mentem
354 409 535 492 contempla3
557 429 626 472 nam
650 411 773 472 consilio
797 411 900 472 valuit:
924 411 985 471 sors

189 497 332 579 Decepit.'
380 497 424 560 ‘Si
446 507 559 579 peccat,
582 500 669 560 homo
693 508 747 561 cst.
794 499 937 581 concede3
961 495 1090 560 latetur?
1177 553 1185 562 ,.

592 622 750 707 Διαφορά

190 731 221 790 Si
244 730 368 791 verbum
393 731 509 792 diverse
533 733 634 811 itereS,
658 731 808 793 distinctio
832 733 891 792 fiet.

189 816 301 881 ‘Cuivis
325 821 381 880 hoc
404 820 518 882 homini
543 821 647 881 dones:
671 822 759 881 homo
783 823 809 882 si
831 821 928 899 modo,
951 815 1046 880 nolit.'
1165 831 1191 872 ⁶⁰

190 905 225 968 Ὃ
248 910 365 987 mulier,
388 928 458 970 vere
482 908 602 970 mulieri
628 909 740 971 scelera
764 913 863 971 omnia
885 913 916 970 in
940 909 997 969 hoc
1020 905 1111 969 sunt'

540 1032 803 1096 Πολυσύνὸετον

188 1141 376 1218 Multiiugum
401 1141 475 1220 dico,
499 1141 633 1202 articulis
657 1141 736 1220 quod
758 1141 886 1220 plurihu'
910 1144 1008 1220 lungo.

189 1226 252 1290 ‘ille
275 1230 355 1290 hunc
379 1229 461 1309 lallit,
486 1239 516 1290 at
538 1230 588 1290 hic
611 1230 727 1309 gaudet,
751 1249 806 1291 nos
828 1249 898 1292 vero
923 1233 1062 1292 timemus

188 1319 368 1380 Praesertim
391 1321 423 1379 in
445 1322 565 1399 peregri
589 1338 626 1380 ne
651 1319 694 1380 ias
718 1319 896 1399 abrumpere
919 1316 1035 1380 tentet.'

546 1439 798 1525 Acuieivpe'vou

189 1550 368 1611 Adiunctum
394 1557 497 1610 contra
521 1559 574 1630 cst,
599 1552 623 1610 si
647 1551 737 1611 nullis
761 1550 876 1629 singula
900 1559 995 1611 necto.
1167 1559 1193 1600 ⁶⁶

188 1635 376 1718 ‘cognoscas
400 1641 452 1718 qui
475 1641 526 1718 sie,
550 1658 637 1700 cures
661 1648 699 1719 te,
722 1643 769 1700 vir
792 1642 911 1719 sapiens
935 1642 986 1719 sis,

188 1721 245 1788 'flii
267 1729 352 1806 prius
375 1729 475 1788 verbis
499 1730 570 1789 time
595 1729 678 1789 illum
703 1728 852 1808 quaelibet
874 1721 1009 1790 unum'*

564 1849 780 1939 Aroeosivrr

188 1952 380 2039 †I)isparsum
405 1959 506 2039 reddo,
530 1959 609 2039 quod
631 1979 753 2040 passum
777 1979 836 2020 non
860 1960 964 2021 ordine
989 1953 1098 2022 reddo†

189 2044 293 2108 ‘nimbo
316 2049 393 2110 lovis
416 2052 523 2110 merito
546 2049 656 2129 proles
679 2068 784 2111 verum
807 2049 856 2109 ille
880 2049 1039 2127 equitando

188 2137 317 2216 Insignis
341 2136 454 2217 Castor,
478 2146 562 2200 catus
584 2139 634 2199 hic
656 2139 838 2218 pugilamine
861 2134 986 2198 Pollux?
1167 2166 1194 2206 oo
1295 2119 1296 2182 1

547 2247 549 2252 ’
589 2259 750 2338 Διέξοδος

187 2369 235 2429 Fit
257 2371 422 2448 percursio,
445 2389 590 2449 percurro
614 2389 682 2431 cum
706 2369 821 2449 singula
845 2372 961 2448 raptim.

188 2454 264 2519 ‘Vim
288 2461 431 2519 maiorem
454 2458 533 2520 haud
557 2461 697 2538 inveniet,
720 2458 845 2538 parilem
870 2459 1034 2518 similemve

187 2549 354 2626 Vincemus‚
377 2566 438 2608 non
462 2547 582 2609 audebit
605 2556 721 2608 certare
745 2543 882 2607 minore?

258 2706 291 2755 47
310 2700 404 2754 uoluit
416 2703 444 2756 P
514 2707 549 2754 48
568 2701 593 2754 si
610 2702 711 2769 peccel
726 2700 872 2756 Praemisit
891 2716 957 2769 sepo
972 2700 1008 2753 ad
1023 2702 1051 2754 P
1085 2701 1151 2753 Duo

186 2773 309 2841 aucupia
336 2774 447 2827 secrevit
475 2773 556 2826 Riese
646 2778 680 2824 49
700 2777 829 2840 Aeaeae.
854 2774 882 2825 P
916 2771 1045 2825 diuersae
1064 2773 1092 2826 P

187 2849 220 2896 50
239 2843 359 2910 homodo
380 2844 505 2897 simodo
524 2845 553 2897 P
641 2849 673 2896 51
695 2843 717 2897 O
740 2843 812 2896 muli
839 2846 873 2910 P,
901 2861 949 2897 em.
969 2843 1080 2911 Sauppe

187 2917 480 2970 ὂ2Πω11υνδετωνΡ
513 2913 717 2984 Multidongum
739 2917 766 2968 P
855 2919 889 2967 53
909 2915 939 2967 ai
957 2914 968 2986 ]
989 2916 1018 2967 ei
1040 2915 1151 2982 Sauppe

234 2991 292 3040 -54
311 2985 483 3056 praesentim
508 2987 536 3040 P
570 2988 662 3039 leniet
691 2986 848 3056 Quieherat]
876 2988 889 3038 t
917 2989 945 3038 ei
973 2984 1027 3038 iret
1054 2986 1082 3039 P

186 3061 455 3126 5ὁΛια1η1υμενων
470 3059 498 3111 Ρ
523 3055 610 3109 nullis
623 3073 659 3111 ec.
673 3058 789 3112 ueuibus
843 3062 876 3110 tri
896 3060 936 3111 eie
949 3057 982 3111 P.
1020 3056 1057 3109 Et
1070 3055 1150 3124 peius

186 3131 317 3198 serpente
343 3129 414 3182 time
432 3127 514 3181 illum
533 3127 662 3195 qualibet
686 3145 774 3181 unum
792 3129 914 3182 Alaeus:
941 3128 1014 3197 quod
1035 3143 1091 3179 uau
1113 3132 1152 3180 est

187 3201 377 3255 ‘abiaauctum'
415 3199 467 3253 Est
486 3197 583 3266 drilus,
602 3216 713 3268 verpus,
731 3201 814 3253 timei
832 3199 913 3253 illum
932 3196 1077 3265 quaelibet
1094 3213 1152 3250 una

186 3275 299 3340 Haupt!
407 3268 660 3339 ὅὸΛιερειμμένον
689 3272 723 3336 Ρ,
751 3289 799 3325 ena.
824 3271 917 3341 Quielt.
946 3265 1150 3338 Λιερριμμένον

186 3343 373 3398 Schneidewin
392 3341 467 3409 quod
491 3342 542 3396 del.
562 3341 641 3396 Riese
667 3358 693 3408 q.
713 3358 842 3410 sparsum
860 3342 971 3410 Sauppe
1007 3339 1075 3411 non]
1094 3356 1150 3393 uno

187 3414 334 3484 Quiclcerat
389 3418 423 3466 60
443 3414 537 3470 cestus
555 3412 603 3464 hic
620 3412 720 3483 pugili.
748 3412 848 3481 pullux
867 3415 894 3466 P
928 3411 1069 3475 Διεξοὸως
1089 3413 1116 3466 Ρ

185 3491 218 3538 61
239 3483 382 3554 percussio
401 3485 430 3539 P
500 3489 533 3538 62
552 3483 689 3537 Maiorem
712 3483 769 3536 vim
791 3499 847 3536 non
866 3484 895 3537 P
928 3481 993 3535 Vim
1015 3481 1151 3535 maiorem

186 3556 277 3612 olona
296 3553 374 3607 haud
392 3555 501 3609 Macae
537 3554 623 3608 simili
642 3555 720 3607 inre
740 3556 774 3619 P,
793 3570 861 3607 corr.
882 3553 983 3621 Haupt
1038 3557 1071 3606 63
1091 3569 1150 3607 cer-

183 3629 262 3680 ieare
281 3625 418 3679 minorem
435 3627 471 3692 P,
489 3643 537 3679 era,
557 3626 665 3680 Alaeus

1295 2229 1296 2250 1

1293 2273 1296 2310 1

1295 2313 1296 2324 1

1295 2325 1296 2342 r

1285 2905 1296 2922 ιι

1295 3119 1296 3132 1

1290 3213 1296 3226 1
