2582 3924
554 191 582 246 O.
599 197 658 259 726,
674 208 738 246 1-21
1070 192 1136 257 213

626 355 690 419 726

1076 443 1102 482 a.
1116 443 1148 484 n.

474 495 710 544 curonnnnvs.
748 495 891 544 nusrns.
1065 465 1190 538 umes.

174 589 231 650 GL.
252 589 330 660 Quid
343 591 451 650 tacitus
463 587 595 668 Mystes?
618 588 679 651 MY.
695 588 790 650 Curae
805 609 870 650 mea
886 588 992 667 gaudia
1006 588 1136 670 turbant,

251 679 328 740 Cura
352 678 441 757 dapes
466 679 610 758 sequitur,
634 681 728 758 magis
751 680 831 738 inter
852 679 959 758 pocula
983 681 1079 758 surgit

250 767 288 828 Et
311 771 408 846 gravis
431 769 570 828 anxietas
587 767 672 828 laetis
696 767 870 828 incumbere
894 767 1009 847 gaudet.

174 856 231 916 GL.
251 855 317 916 Non
341 859 413 917 satis
439 858 561 936 accipio.
607 855 668 916 MY.
687 856 751 917 Nec
773 875 821 917 me
845 858 926 918 iuvat
949 859 1047 918 omnia
1070 857 1137 918 fari.

146 945 230 1006 ⁵GL.
250 946 385 1007 Forsitan
409 947 552 1025 imposuit
574 947 677 1025 pecori
699 942 809 1026 iupus?
858 945 918 1006 MY.
942 943 1027 1007 Haud
1050 948 1139 1007 timet

814 1035 915 1096 hostes

249 1123 348 1184 Turba
372 1142 478 1185 canum
501 1123 636 1203 vigilans
674 1122 730 1183 GL.
745 1123 856 1202 Vigiles
876 1142 994 1204 quoque
1013 1142 1137 1185 somnus

815 1211 980 1274 obumbrat.

172 1301 233 1361 MY.
248 1301 344 1362 Altius
377 1310 435 1381 est,
469 1301 645 1382 Glycerane,
682 1301 807 1380 aliquid,
843 1320 903 1362 non
930 1303 1004 1382 boc,
1037 1311 1137 1384 pater3

815 1409 906 1451 erras.

173 1478 229 1538 GL.
249 1481 359 1558 Atquin
382 1479 497 1540 turbari
521 1482 586 1540 sine
610 1481 707 1540 ventis
730 1499 789 1540 non
814 1479 889 1540 solet
912 1498 1030 1558 aequor.

172 1568 232 1628 MY.
249 1567 332 1639 Quod
355 1570 479 1629 minime
504 1571 590 1649 reris,
614 1570 704 1629 satias
728 1586 793 1629 mea
817 1568 924 1648 gaudia
947 1576 1041 1630 vexat

131 1673 158 1712 1o
173 1656 230 1718 GL.
249 1657 378 1718 Deliciae
402 1676 583 1737 somnusque
608 1657 704 1718 solent
727 1657 865 1718 adamare
889 1657 1046 1737 querellas,

172 1746 233 1806 MY.
249 1746 326 1825 Ergo
350 1749 376 1807 si
400 1765 503 1808 causas
527 1765 666 1808 curarum
690 1749 767 1807 scire
791 1746 908 1807 laboras
932 1781 974 1788 —

173 1835 230 1896 GL.
250 1834 331 1906 Quae
356 1838 468 1915 spargit
491 1854 599 1914 ramoS,
623 1836 749 1897 tremula
772 1854 827 1896 nos
850 1838 958 1902 vestiet
980 1833 1086 1896 umbra

249 1925 359 2004 Vlmus,
383 1933 413 1986 et
436 1927 467 1985 in
492 1933 595 1986 tenero
619 1943 727 2004 corpus
751 1923 928 1986 submittere
952 1932 1036 2004 prato

247 2013 346 2074 Herba
369 2013 466 2075 iubet:
488 2021 522 2075 tu
547 2014 603 2092 dic,
627 2033 702 2093 quae
726 2016 765 2074 sit
789 2013 844 2073 tibi
868 2031 956 2075 causa
979 2012 1105 2074 tacendi.

130 2117 155 2157 1⁵
172 2102 233 2164 MY.
250 2103 355 2165 Cernis
378 2111 412 2165 ut
434 2103 543 2165 adtrito
567 2103 693 2164 diffusus
716 2105 847 2182 caespite
869 2121 963 2182 pagus

248 2195 353 2253 Annua
375 2201 442 2254 vota
465 2193 542 2254 ierat
563 2192 779 2271 sollemnisque
800 2191 915 2252 imbuat
938 2189 1025 2253 aras?

249 2281 368 2360 Spirant
382 2281 492 2361 templa
506 2300 598 2360 mero,
614 2288 755 2341 resonant
770 2300 839 2341 cava
857 2289 997 2361 tympana
1014 2280 1132 2361 palmis,

247 2369 426 2432 Maenalides
450 2380 568 2431 teneras
593 2370 706 2431 ducunt
727 2388 782 2449 per
806 2388 889 2430 sacra
913 2370 1046 2448 choreas,

248 2459 332 2520 Tibia
356 2459 431 2520 laeta
455 2463 544 2538 cauit,
567 2458 678 2539 pendet
701 2477 787 2520 sacer
810 2459 912 2520 hircus
937 2458 972 2518 ab
996 2459 1076 2520 ulmo

247 2547 285 2608 Et
307 2550 366 2609 iam
389 2547 508 2608 nudatis
532 2547 697 2608 cervicibus
722 2550 803 2608 exuit
827 2556 901 2609 exta.

247 2637 325 2716 Ergo
349 2655 408 2697 non
433 2636 522 2698 dubio
544 2645 678 2717 pugnant
702 2636 874 2698 discrimine
898 2638 973 2698 nati:

244 2789 311 2844 726.
337 2792 423 2846 Brevi
435 2797 499 2860 poet
509 2808 534 2845 a.
546 2796 580 2844 64
594 2792 739 2860 seriptum:
753 2791 861 2845 Zae'eben.
900 2789 1063 2844 Glicerenus
1078 2789 1109 2844 E

172 2869 185 2914 1
206 2861 282 2926 Quid
299 2863 404 2916 tacitus
427 2863 527 2931 incipit
547 2863 679 2931 Colonen.
699 2861 759 2918 Eoi.
781 2867 804 2928 4,
817 2869 840 2916 1.
915 2867 930 2914 2
949 2861 1053 2932 magis]
1076 2877 1133 2915 me-

169 2935 215 2986 tus
248 2933 345 2988 Loewe
448 2937 567 2987 tronus
600 2933 631 2988 E
721 2932 896 3005 tgiiceranp
924 2934 955 2987 E
1044 2933 1133 2986 thoe

170 3005 407 3129 {YfgborlegnEE
441 3003 1063 3144 qppdeappctvapinppasmpopuoitdppipeipWeeg

172 3152 204 3200 13
223 3145 331 3213 Ulmus,
360 3145 437 3200 etin
455 3146 611 3202 Buecheler.
646 3117 777 3200 iietimus
796 3149 825 3200 et
843 3147 874 3200 Ε
909 3146 1084 3200 summittere
1103 3145 1134 3198 Ε

243 3224 277 3270 to
296 3217 421 3286 caespite
437 3234 527 3287 pagus
545 3219 686 3273 Boetnena
709 3219 813 3273 cortice
836 3217 918 3288 fagus
941 3218 972 3271 Ε
994 3219 1038 3288 (cs.
1055 3218 1131 3287 Vero.

167 3291 351 3359 peorp.4,12)
448 3293 480 3342 16
499 3287 598 3343 inbuet
617 3290 654 3356 E,
672 3307 720 3344 ent.
741 3291 842 3360 Hapen
929 3294 961 3342 ts
980 3287 1132 3342 Minaiides

168 3363 211 3427 (ae
229 3376 316 3428 snpra
333 3360 355 3428 i)
375 3361 406 3415 Ε
495 3365 527 3413 19
547 3359 638 3428 Tybia
656 3361 687 3414 Ε
776 3365 810 3414 20
831 3362 910 3414 extra
935 3361 965 3430 (u
982 3377 1069 3429 snpra
1088 3362 1133 3426 ex)

169 3503 199 3556 Ε
263 3507 295 3556 21
316 3518 373 3556 non
391 3505 420 3573 (i.
435 3521 456 3557 e.
476 3521 533 3559 non
551 3504 619 3574 mon)
638 3504 740 3575 Hagen
760 3521 828 3556 num
847 3430 936 3556 dubie)
951 3502 996 3568 E3
1020 3507 1052 3554 21
1070 3507 1134 3569 post

169 3579 201 3626 31
224 3581 401 3644 transponere
420 3575 522 3628 nolim.
