2586 3922
545 259 572 314 C.
589 267 649 328 9³1,
660 277 725 317 s—os
1049 265 1115 330 353

149 421 207 476 Cur
224 421 312 475 iidem
330 420 447 475 adverso
466 420 572 476 laetam
589 437 725 476 venamur
743 422 773 476 in
793 424 891 477 aestu?

221 501 267 555 Ah
284 517 349 556 mea
366 502 425 556 tam
444 500 516 556 bene
535 502 611 569 quod
630 501 745 572 cognita
763 518 850 557 causa
868 504 939 558 mihi
958 506 1014 559 estl

116 581 173 638 ⁵0
193 583 243 650 qui
261 598 389 636 carorum
408 583 503 650 caput,
523 598 539 635 o
558 582 702 636 carissime
720 583 872 651 quondam,

220 661 265 716 An
283 664 364 731 potes
383 663 412 716 ot
430 661 526 716 miseri
544 679 618 716 nunc
636 662 798 717 meminisse
816 663 878 720 tui?

149 742 202 797 Est
220 743 352 811 equidem
370 743 400 795 in
418 741 502 797 laetis
520 758 603 796 nemo
621 759 678 796 non
697 744 845 812 promptus
864 744 981 812 amicus,

220 823 286 892 Ipsa
303 822 412 877 homini
431 821 555 877 adversis
574 823 674 877 umbra
693 823 810 877 inimica
828 839 880 877 sua
901 827 953 878 est.

149 902 286 957 Tantalus
304 901 413 969 infelix,
433 902 539 968 dicunt,
559 903 675 957 conviva
693 903 810 958 deorum

104 999 133 1039 10
220 982 303 1037 Nunc
322 998 434 1052 quoque
453 983 530 1051 apud
548 982 646 1037 Manes
665 983 781 1037 victim
800 1000 880 1038 sacra
898 983 957 1039 Iovi
976 987 1027 1040 est.

149 1063 245 1131 Vsque
263 1063 335 1118 adeo
353 1078 459 1132 poenae
478 1078 535 1116 uon
553 1062 651 1118 delent
667 1063 770 1117 ultima
787 1063 861 1119 fata:

221 1142 275 1208 Qui
294 1142 398 1197 cecidit
416 1143 497 1210 divis,
517 1159 631 1214 surgere
649 1159 731 1198 nemo
751 1143 835 1198 valet.

149 1222 265 1278 Scilicet
283 1226 313 1277 et
329 1223 420 1290 nobis,
440 1223 489 1291 qui
507 1222 740 1292 functo.oorpore
758 1241 849 1292 nuper

219 1302 297 1357 Dura
315 1319 366 1373 per
385 1303 495 1371 antiqui
514 1303 599 1357 husie
616 1302 750 1372 fugamur
768 1303 822 1370 avi,

106 1399 135 1439 15
150 1383 280 1439 †Perfida
297 1383 395 1439 felices
414 1384 539 1439 ostendit
556 1384 656 1454 regula
674 1384 753 1438 divos

219 1463 257 1516 Et
274 1463 363 1518 voluit
381 1464 487 1518 sanctis
505 1466 616 1532 partem
635 1463 761 1532 aliquam
780 1480 840 1518 esse
859 1465 937 1533 locis,

147 1543 212 1596 Non
231 1543 287 1596 alio
306 1543 436 1612 exemplo
454 1543 509 1597 nisi
527 1545 561 1597 ut
579 1546 659 1599 eruta
677 1544 791 1599 turbine
808 1543 871 1599 diro

219 1623 367 1679 Desereret
385 1624 479 1678 modia
497 1641 549 1677 nos
567 1627 630 1678 rota
648 1624 739 1679 fracta
758 1625 812 1678 via.

146 1703 192 1756 Ah
211 1705 282 1757 mihi
299 1705 468 1774 praeteritos
486 1703 611 1759 referant
630 1705 654 1758 si
672 1705 790 1759 numina
807 1703 901 1758 vultus

105 1802 134 1841 ao
202 1783 276 1852 (Non
294 1785 400 1840 etenim
417 1787 553 1840 veterem:
572 1787 610 1852 te,
629 1801 701 1839 nova
719 1785 815 1855 plaga,
833 1787 954 1854 queror),

147 1864 187 1918 Vt
204 1863 283 1918 l'aoili
302 1864 420 1919 amissos
440 1864 609 1919 adblandiar
627 1881 674 1919 ore
692 1864 810 1932 favores,

219 1943 294 1999 Tura
311 1944 405 2001 serens
423 1945 517 2016 dignis
537 1945 662 1999 carmina
680 1945 757 2000 laeta
775 1944 843 1999 diisl

147 2023 186 2079 Vt
204 2025 297 2094 gravis
314 2025 432 2080 hiberno
450 2027 559 2079 torrens
578 2024 614 2079 de
631 2027 727 2080 monte
744 2025 856 2080 volutus

219 2104 309 2159 Obvia
327 2121 384 2158 non
401 2121 506 2176 magna
525 2104 626 2158 arbuta
645 2105 731 2160 verrit
749 2121 811 2174 ope,

8 2263 9 2266 Ἰ
105 2203 133 2242 25
148 2184 239 2254 Saepe
257 2185 355 2240 domos
374 2186 469 2251 etiam,
489 2201 573 2254 saepe
592 2185 691 2239 addita
708 2185 822 2241 moenia
839 2187 944 2254 raptat,

220 2264 338 2321 Canens
356 2265 508 2335 praecipiti
526 2282 577 2334 per
594 2265 663 2335 iuga
680 2266 767 2336 longa
784 2265 843 2319 via:

147 2345 194 2401 Sic
213 2346 300 2400 semel
319 2348 405 2414 atque
422 2361 478 2400 uno
496 2361 547 2398 nos
567 2345 686 2400 abstulit
703 2345 848 2415 improbus
867 2345 935 2412 ictu,

218 2425 344 2481 Mentem
362 2427 448 2480 etiam
468 2427 497 2481 et
514 2424 602 2480 Musis
620 2427 736 2494 pectora
755 2428 828 2491 vota,
846 2425 931 2479 furor.

146 2506 230 2560 Altus
249 2523 326 2562 eram
345 2508 432 2560 certe:
453 2505 541 2560 Sertis
559 2504 637 2560 furor
655 2505 750 2560 omnia
768 2505 868 2572 vincit;

106 2603 133 2642 eo
220 2585 325 2640 Obvius
343 2586 513 2654 utquisque
532 2587 583 2653 est,
604 2586 646 2639 ‘tu
664 2586 746 2639 mihi'
767 2585 858 2640 clamo
878 2584 974 2640 ‘veni’.

147 2666 294 2736 improbus
313 2669 364 2733 ost,
383 2666 511 2734 quisquis
530 2682 586 2719 non
604 2667 675 2721 haec
693 2665 856 2736 spectacula
875 2681 990 2720 cernens

145 2865 207 2916 tam
226 2862 301 2916 norit
318 2861 429 2932 magnis
452 2861 574 2932 paginis,
603 2864 700 2930 estque
720 2880 736 2915 a
754 2861 836 2915 uobis
855 2860 987 2916 Coloniae
1006 2861 1108 2929 Agrip-

146 2933 231 3002 pinae
250 2936 316 2987 aute
335 2934 434 2987 aedem
453 2933 593 2986 Minorum
608 2976 613 2986 .
631 2977 635 2986 .
651 2948 715 2986 aere
734 2937 921 3002 comparatus.
959 2932 1001 2985 De
1020 2932 1107 3000 scrip-

144 3008 207 3060 tore
225 3005 298 3058 nihil
317 3005 374 3059 scio
395 3005 457 3058 ...’
496 3005 615 3059 Barthr'o
643 3005 699 3074 ipsi
717 3005 862 3073 Haaptr‘as
890 3004 988 3058 trihait
1015 3019 1107 3071 opusc.

146 3078 234 3131 1344
307 3082 506 3131 eveneramur
525 3078 640 3130 Pierson
713 3076 804 3130 omei
823 3078 974 3130 Burmann
1009 3075 1053 3128 tui
1070 3091 1107 3130 so.

145 3150 230 3203 amici
300 3148 422 3216 Slnque
441 3149 583 3202 Baehrens
619 3147 753 3200 aduersus
773 3148 797 3213 h,
816 3165 863 3202 em.
884 3145 1018 3201 Schrader

146 3225 161 3272 9
182 3219 274 3273 dictus
294 3220 435 3273 Baehrens
491 3225 523 3272 12
542 3219 621 3272 vivus
640 3220 806 3272 Burmann!
875 3223 907 3272 13
926 3217 1017 3271 fracto
1037 3218 1105 3271 arni·

143 3307 193 3345 ons
228 3291 290 3344 vivo
310 3291 452 3345 Baehrens
543 3296 576 3343 14
595 3289 687 3343 larva
706 3290 848 3344 Baehrens
939 3293 971 3342 15
991 3287 1107 3343 Perdita

144 3361 262 3416 fallaces
281 3379 305 3415 o.
324 3361 420 3415 recula
438 3362 579 3416 Baehrens
680 3360 922 3432 a1n‘c(abbl.)a
959 3359 1107 3415 eblandisr

147 3433 314 3501 Oudendorp
399 3438 432 3486 22
452 3433 575 3487 carmine
590 3439 659 3500 pato
750 3437 782 3485 27
802 3431 887 3486 simul
909 3431 1076 3497 Wernsdors

145 3503 192 3558 Sic
210 3521 261 3558 nos
280 3506 337 3572 atq.
357 3521 413 3559 uno
433 3503 518 3558 simul
536 3504 677 3558 Baehrens
712 3504 776 3575 uos]
794 3520 838 3558 res
860 3504 1026 3572 &edendorp
1050 3513 1051 3518 ’

144 3581 179 3628 28
198 3577 265 3629 vota
283 3577 433 3630 Burmann
468 3576 569 3630 notat
642 3579 676 3628 29
695 3574 764 3629 vicit
783 3575 925 3630 Baehrens
997 3578 1031 3628 30
1050 3573 1106 3628 ola-

144 3649 216 3700 mat:
237 3646 374 3701 abiiciens

198 3745 294 3785 Antion
307 3745 347 3786 nr.
362 3745 380 3784 1.
392 3747 410 3786 a.
911 3741 944 3789 23
