2586 3922
575 217 670 272 uara
1038 219 1104 292 329

1004 435 1030 475 B.
1044 435 1076 475 M.
1089 436 1118 476 B.

592 380 657 446 879

462 515 630 570 Miraoula
658 515 784 571 christi
989 487 1160 590 cqprqrqppq:

138 633 272 713 Angelus
296 633 457 713 alloquitur
480 633 612 714 Mariam,
636 653 694 714 quo
717 636 852 715 praescia
875 635 965 696 verbo

210 721 364 801 Concipiet
387 723 466 783 salva
489 725 659 802 virginitate
685 722 781 784 deum.

139 865 218 926 Dant
241 864 296 926 tibi
320 864 458 926 Chaldaei
481 868 659 944 praenuntia
681 885 805 927 munera
830 885 929 946 reges:

209 953 358 1034 Myrrham
381 955 478 1034 homo,
503 973 554 1016 rex
578 973 693 1036 aurum,
717 957 836 1036 suscipe
861 964 927 1017 tura
952 955 1033 1018 deus.

111 1097 297 1158 sPermutat
319 1097 452 1176 lymphas
475 1098 507 1156 in
530 1100 597 1158 vina
621 1097 765 1176 liquentia
789 1098 934 1177 Christus,

211 1185 275 1256 Quo
298 1188 429 1265 primum
452 1186 530 1246 iacto
553 1205 586 1248 se
610 1186 715 1265 prohat
738 1205 804 1248 esse
829 1187 927 1248 deum.

142 1327 281 1407 Quinque
305 1327 425 1408 explent
446 1346 548 1408 panes
571 1331 669 1408 pisces
694 1329 751 1390 duo
775 1329 857 1390 milia
880 1332 1021 1410 quinque,
1103 1381 1105 1386 ,

209 1417 248 1478 Et
272 1416 344 1478 deus
368 1436 404 1478 er
426 1436 517 1497 parvo
539 1418 608 1498 plus
631 1437 789 1498 superesse
813 1419 904 1479 iubet

144 1559 250 1620 Editus
274 1578 310 1620 er
333 1567 419 1620 utero
443 1579 550 1621 caecus
573 1579 649 1621 nova
672 1561 783 1622 lumina
808 1564 899 1622 sentit

99 1671 128 1711 ro
211 1648 248 1709 Et
271 1656 371 1729 stupet
392 1651 526 1729 ignotum
551 1669 583 1711 se
605 1653 752 1712 meruisse
777 1650 864 1712 diem.

144 1790 272 1851 Lazarus
296 1810 312 1852 e
335 1792 450 1852 tumulo
474 1791 591 1854 Christo
615 1793 793 1854 inclamante
817 1795 947 1872 resurgit

210 1880 249 1941 Et
272 1879 364 1941 durae
387 1883 492 1941 mortis
515 1881 562 1942 len
586 1881 715 1943 resoluta
737 1884 824 1961 perit.

144 2021 305 2083 Nutantem
328 2025 424 2103 quatit
445 2024 525 2084 unda
548 2025 678 2104 Petrum,
702 2027 751 2086 cui
775 2024 910 2086 Christus
934 2027 965 2085 in
989 2025 1047 2086 alto
1104 2089 1105 2096 χ

211 2111 248 2172 lu
272 2111 375 2173 dextra
399 2132 521 2192 gressus
543 2114 643 2174 firmat
666 2121 696 2174 et
718 2132 769 2174 ore
793 2114 891 2175 fidem.

98 2274 127 2315 15
143 2253 311 2332 Exsanguis
334 2254 445 2316 Christi
467 2257 613 2335 contingit
635 2257 745 2317 femina
770 2265 891 2318 vestem.

212 2343 276 2404 Stat
299 2362 388 2404 cruor
410 2346 441 2404 in
464 2346 557 2406 venis.
604 2346 638 2406 lit
659 2346 807 2406 medicina
830 2346 913 2408 fides

144 2485 248 2547 lussus
271 2493 338 2565 post
360 2486 471 2547 multos
493 2487 628 2566 graditur
649 2488 829 2567 paralyticus
852 2508 953 2569 annos,

212 2569 409 2659 (Mirandum)
433 2575 504 2636 lecti
524 2577 653 2656 portitor
674 2577 739 2655 ipse
762 2579 817 2638 sui.

570 2669 580 2702 Ι

215 2763 285 2820 879.
319 2761 466 2818 Claudiani
487 2763 623 2818 macula
650 2765 798 2821 curiatio
821 2767 867 2837 (ef.
887 2768 925 2822 ad
943 2769 1013 2838 878).
1050 2769 1105 2823 Di·

142 2836 230 2891 sticha
248 2837 368 2906 sicopolis
382 2837 502 2906 plataeis
519 2837 561 2890 uel
578 2838 694 2902 sortasse
711 2838 826 2892 musivis
843 2839 982 2892 destinato
996 2845 1073 2908 puto.

142 2914 160 2961 4
179 2908 213 2973 cf.
235 2907 377 2962 Maeuius
394 2908 469 2962 Hist.
486 2923 596 2976 poeseos
615 2909 661 2962 lot.
680 2908 771 2962 christ.
793 2914 935 2976 p.103,1.
1009 2915 1025 2962 9
1044 2927 1106 2965 cae-

142 2980 189 3032 tus
217 2979 240 3034 0
274 2979 363 3032 sensit
389 2979 422 3045 O,
449 2995 516 3033 corr.
543 2979 610 3033 Birt
687 2983 720 3032 16
745 2978 809 3032 fidis
835 2981 859 3035 0
891 2981 909 3050 ἡ
937 2977 1028 3043 πίστις
1056 2998 1106 3035 σου

143 3049 261 3105 σέσωκέν
280 3066 309 3104 σε
328 3051 381 3104 Eo.
403 3051 499 3104 Marci
517 3055 542 3117 5,
558 3055 592 3102 34
665 3055 698 3104 18
716 3050 850 3106 lectusO
882 3050 950 3106 lecti
968 3053 1105 3124 Ieeuprlo.

142 3121 210 3176 Post
230 3126 263 3174 18
282 3122 400 3176 da'stichc
417 3123 554 3177 nonnullo
572 3122 682 3177 desunt:
701 3122 810 3176 Zieheu.

516 3412 731 3420 *—
