2586 3922
370 266 549 320 ADDENDA
566 266 613 320 ΕΤ
633 266 870 321 CORRIGENDA
1032 267 1098 332 387

138 437 170 495 in
198 437 261 494 solo
290 436 323 494 Ε
347 454 406 495 unc
434 438 536 495 tenore
567 437 691 511 scripta,
719 436 750 492 in
778 437 884 494 ceteris
912 436 949 494 ad
973 436 1103 513 Vergilii

129 525 271 585 'carmina
294 524 368 584 loeis
393 525 517 602 singulis
542 523 656 583 adnexa
679 527 756 583 sunt.

207 613 244 672 In
266 613 482 692 Anthologiam
506 616 536 670 et
560 613 632 672 olim
655 613 827 672 dubitanter
849 615 949 689 recepi
972 615 1002 672 et
1024 633 1103 673 nunc

138 704 263 777 retinui,
288 721 364 778 quac
387 723 423 760 ex
446 703 492 761 his
517 701 706 779 Carolingica
731 703 794 760 iam
820 705 918 761 aetate
941 703 989 762 vel
1013 706 1102 762 antea

138 811 173 850 ex
200 792 334 850 Ausonio
363 795 501 868 excerpta
528 795 559 850 et
590 792 622 849 in
652 792 736 850 libris
765 791 943 866 quibusdam
970 824 1014 833 -
1041 811 1102 851 non

137 885 239 940 tamen
267 883 300 939 in
327 881 359 938 Ε
385 912 427 922 -
451 881 587 958 Vergilio
617 881 757 939 adiuncta
787 881 835 940 vel
865 881 957 940 etiam
986 881 1102 940 tributa

137 970 273 1030 videmus
302 963 424 1051 (quibus
454 971 577 1046 propter
606 970 717 1028 similia
745 970 811 1028 fata
839 988 862 1029 c.
889 971 951 1028 646
983 989 1102 1045 quoque

138 1051 285 1140 adiunxi),
310 1058 381 1134 quia
402 1078 436 1117 ea
455 1062 485 1118 et
504 1058 638 1136 Scaliger
661 1061 690 1116 et
708 1058 850 1118 Pithoeus
874 1059 935 1119 suis
958 1061 1019 1118 iam
1042 1059 1101 1134 syl-

138 1149 215 1226 logis
238 1149 432 1206 inseruerant.
478 1147 562 1206 Libri
585 1148 617 1205 Ε
638 1151 740 1205 autem
764 1148 968 1208 collectionem
991 1148 1040 1208 vel
1063 1147 1101 1206 ab

138 1237 271 1296 Ausonio
299 1239 364 1312 ipsc
387 1236 436 1296 vel
464 1238 502 1295 ad
531 1239 594 1296 eius
616 1236 803 1295 voluntatem
830 1238 941 1296 factem
965 1256 1040 1312 esse,
1071 1239 1102 1296 et

139 1346 173 1385 ex
193 1326 260 1384 aliis
275 1329 306 1384 et
320 1345 355 1384 ex
370 1344 403 1384 eo
419 1327 499 1402 quod
512 1326 548 1383 de
563 1328 690 1400 „nostris
704 1324 856 1384 versibus“
872 1318 972 1408 (inser.
984 1346 1007 1387 c.
1020 1319 1098 1408 642)

138 1415 248 1494 agitim
267 1415 371 1474 elucet.
405 1414 604 1473 Sannazarius
623 1415 771 1491 quaedam
792 1434 827 1472 ex
845 1415 877 1472 E
898 1417 1101 1491 transcripsit:

138 1523 174 1563 ex
201 1523 259 1581 quo
286 1504 372 1563 fluxit
400 1503 593 1582 apographon
620 1503 799 1582 Mariangeli
825 1503 961 1562 Accursii
988 1504 1101 1581 passim

138 1595 344 1652 memoratum.

205 1682 304 1741 Paene
325 1681 441 1757 taedet,
469 1684 516 1741 tot
539 1681 688 1741 codicibus
711 1682 821 1757 p.105
847 1681 1026 1740 enumeratis
1050 1681 1101 1740 ad-

138 1771 207 1830 dere
225 1770 406 1831 Bernensem
426 1773 491 1830 250
514 1791 535 1830 s.
553 1772 581 1829 X
600 1764 719 1852 (641,7
741 1762 910 1851 ‘augaeis’).
956 1772 984 1829 P
997 1763 1099 1850 (Phill.

142 1853 219 1942 131)
242 1860 354 1919 librum
376 1881 437 1920 non
458 1860 571 1919 bonum
594 1859 721 1918 contulit
743 1859 896 1934 Manitius,
920 1878 1010 1935 quem
1032 1859 1100 1919 vide

138 1950 214 2008 Mus.
232 1950 314 2008 rhen.
331 1950 470 2025 51,160;
503 1949 673 2008 Helveticos
705 1948 780 2006 mihi
811 1948 931 2027 Hagen,
962 1951 998 2007 ut
1029 1949 1100 2007 Ber·

140 2057 262 2097 nensem
286 2040 349 2096 441
375 2056 397 2097 s.
417 2038 460 2096 IX
484 2029 587 2119 (640).

207 2129 324 2202 640,4ε
348 2128 414 2205 lege
435 2122 572 2203 ‘Aprilis’
592 2146 659 2185 cum
678 2145 765 2202 opere
788 2127 914 2202 musivo,
933 2126 1003 2185 MP
1023 2127 1100 2187 aliie.

208 2217 270 2275 645
292 2217 358 2276 adn.
382 2217 433 2275 lin.
455 2217 473 2274 6
498 2216 563 2293 lege
588 2211 683 2274 ‘Voss
704 2209 811 2275 0.15’.

208 2306 282 2380 646,
290 2308 333 2364 40
353 2301 484 2364 ‘conficit
506 2307 572 2381 ipsa
587 2300 660 2363 dies'
681 2323 748 2363 cum
765 2304 850 2363 libris
869 2304 1027 2383 legendum
1047 2308 1099 2364 est.

207 2395 331 2470 648,st
359 2389 538 2470 ‘Splendet'z
563 2413 615 2452 cur
637 2413 697 2452 non
719 2397 819 2469 potius
844 2389 997 2453 ‘Sordet'l

208 2485 280 2542 658.
314 2483 494 2542 Bernensem
519 2484 559 2541 36
585 2502 606 2542 s.
625 2483 742 2541 X—XI
769 2482 808 2541 ad
831 2482 954 2543 classem
977 2482 1008 2540 II
1035 2503 1101 2559 per·

137 2572 284 2631 tinentem
309 2572 385 2631 mihi
411 2573 540 2631 contulit
560 2572 675 2650 Hagen.
723 2567 871 2631 ‘Disticon
898 2573 929 2630 in
958 2568 1099 2630 filomela'

139 2661 183 2720 ibi
205 2661 390 2737 inscriptum.
436 2661 651 2739 Angelicanus:
675 2661 710 2719 cf.
731 2659 814 2720 Stud.
829 2660 955 2719 Vindob.
976 2660 1007 2718 Π
1027 2663 1099 2719 296.

208 2752 309 2826 661,1
337 2745 468 2809 ‘iunctis'
487 2751 527 2826 B,
549 2747 649 2809 recte?
696 2751 714 2807 6
732 2745 812 2825 ‘que'
827 2750 858 2807 B
905 2745 1098 2826 5‘Sagi1am‘

137 2841 200 2897 iam
231 2839 276 2897 De
308 2839 396 2898 Rossi
427 2858 534 2897 nomen
568 2838 709 2897 Germani
741 2857 804 2898 esse
835 2840 964 2913 putavit,
992 2839 1100 2898 Iacobo

139 2927 253 2987 Grimm
277 2929 486 2988 consentiente.

207 3019 270 3075 662
296 3017 362 3077 adn.
386 3017 444 3076 Pro
469 3012 557 3075 ‘677’
582 3017 647 3092 lege
671 3010 769 3075 ‘679'.

208 3108 315 3181 663,3
340 3101 488 3182 ‘finisque'
511 3105 682 3164 Buecheler.

208 3197 271 3254 664
301 3196 520 3272 Angelicanum
550 3214 618 3272 ego,
649 3194 882 3253 Ambrosianum
910 3194 942 3251 M
964 3196 1003 3252 79
1036 3212 1100 3268 sup.

139 3303 161 3343 s.
181 3284 240 3342 XII
258 3283 365 3344 Loewe
389 3286 577 3344 contulimus,
615 3283 748 3359 Uterque
767 3303 794 3342 v.
814 3284 847 3341 8:
873 3279 997 3342 ‘Urania
1015 3278 1099 3359 poli'.

207 3375 269 3432 666
295 3373 478 3434 Monacensis
513 3374 620 3432 14613
649 3391 672 3432 s.
700 3373 743 3430 XI
775 3374 851 3431 teste
880 3372 955 3431 Nov.
978 3371 1099 3431 Archiv.

141 3463 241 3537 9,562
266 3463 419 3538 inscripsit
443 3467 478 3522 ut
501 3465 539 3538 1³3
569 3462 724 3521 Palatinus
749 3464 813 3521 920
837 3481 858 3520 s.
878 3461 993 3519 lX-X
1023 3463 1099 3521 teste

139 3552 276 3629 catalogo
300 3554 335 3609 ut
359 3551 391 3609 V.

208 3640 270 3698 667
296 3639 332 3698 cf.
355 3639 509 3699 Parisinus
535 3641 620 3698 8319
646 3659 667 3700 s.
687 3641 738 3700 XI.

885 3737 938 3791 25*
