2582 3924
186 180 251 246 238
572 182 601 238 6.
617 188 778 252 760·‚u-eo

186 348 288 409 Militis
311 348 366 409 Eoi
389 348 531 427 fugientis
554 358 638 429 terga
661 356 791 427 secutus,

254 437 389 499 Territus
413 438 449 499 ad
472 437 532 498 Nili
555 439 625 500 dum
649 439 724 517 sugit
747 437 796 498 ille
821 446 917 516 eaput.

186 525 246 586 Pax
270 534 346 587 erat:
369 527 442 588 haec
465 527 531 587 illos
554 527 692 588 laxarunt
714 529 774 588 otia
797 526 904 588 cultus.

254 615 373 676 Somnia
396 617 524 677 victores
547 616 639 678 blarte
663 616 786 677 sedente
810 615 924 677 decent.

186 706 288 765 Actius
311 707 376 785 ipse
399 705 492 784 lyram
514 705 627 785 plectro
649 708 801 785 percussit
824 704 947 784 eburno,

252 793 412 873 Postquam
435 797 574 856 victrices
597 797 768 856 conticuere
791 794 888 856 tubae.

186 881 242 943 llic
265 882 352 943 modo
375 883 462 944 miles
486 892 557 962 erat,
581 902 618 944 ne
641 893 743 964 posset
766 884 875 944 semina
898 882 1021 943 Romam

253 971 386 1033 Dotalem
409 976 507 1052 stupri
529 975 626 1052 turpis
649 973 759 1034 hahere
784 974 838 1033 sui.

186 1059 241 1121 llic
264 1060 322 1121 tela
345 1064 377 1121 in
400 1062 541 1141 profugos
565 1056 695 1145 (tantum
718 1069 891 1123 curvaverat
914 1055 1030 1144 arcum)

253 1149 334 1210 Misit
357 1151 394 1210 ad
417 1159 566 1212 extremos
590 1153 751 1212 exorientis
775 1169 876 1230 equos.

186 1239 310 1318 bacche,
334 1239 478 1300 coloratos
501 1248 657 1319 postquam
681 1240 843 1301 devicimus
866 1239 963 1316 ludos,

253 1328 365 1389 Potasti
388 1328 469 1407 galea
494 1328 578 1390 dulce
602 1331 721 1390 iuvante
744 1347 870 1389 merum.

186 1416 224 1477 Et
246 1417 301 1477 tibi
324 1435 430 1479 seouro
453 1420 570 1478 tunicae
593 1418 706 1479 fluxere
730 1418 856 1479 solutae:

254 1505 295 1566 Te
318 1514 390 1585 puto
412 1525 578 1586 purpureas
600 1515 673 1568 tunc
695 1507 835 1568 habuisse
859 1506 940 1568 duas.

188 1594 259 1656 Surn
283 1613 397 1656 memor
420 1590 466 1679 (et
489 1604 568 1657 certe
592 1591 730 1680 memini)
755 1598 798 1657 sic
823 1596 931 1656 ducere
954 1595 1072 1673 thyrsos

253 1684 377 1745 Brachia
399 1685 446 1745 vel
469 1704 543 1764 pura
566 1685 737 1746 candidiora
759 1686 836 1746 nive.

187 1773 224 1833 Et
246 1773 301 1834 tibi
324 1773 444 1853 thyrsus
468 1782 532 1835 erat
555 1777 679 1854 gemmis
703 1784 824 1836 ornatus
848 1780 877 1835 et
901 1792 985 1833 auro:

254 1862 415 1942 Serpentes
437 1863 566 1924 hederae
589 1866 638 1924 vix
660 1864 791 1925 habuere
814 1862 921 1924 locum.

186 1952 343 2030 Argentata
367 1960 434 2013 tuos
458 1956 547 2014 etiam
571 1953 674 2014 talaria
697 1953 771 2013 talos

253 2041 418 2102 Vinxerumt
441 2050 535 2123 certe3
558 2061 614 2103 nec
637 2049 718 2121 puto,
742 2041 865 2120 Bacche,
889 2059 988 2119 negas,

186 2129 302 2190 Mollius
326 2148 358 2190 es
383 2130 468 2192 solito
491 2149 610 2192 mecum
633 2141 696 2193 tum
719 2131 812 2192 multa
835 2131 951 2191 locutus

253 2218 290 2279 Et
313 2218 367 2279 tibi
391 2219 524 2281 consulto
548 2221 637 2282 verba
660 2221 743 2281 luere
766 2238 849 2280 nova.

187 2307 306 2386 lnpiger
328 2308 438 2387 Alcide,
461 2309 554 2370 multo
578 2309 716 2371 delunote
739 2309 849 2388 labore,

257 2501 290 2549 47
310 2496 415 2551 Milites
435 2497 462 2550 Β
535 2504 568 2551 48
588 2499 679 2566 capud
698 2500 726 2552 Β
798 2502 831 2550 49
851 2496 900 2551 illo
920 2499 997 2563 BM,
1014 2503 1082 2551 recte
1101 2513 1118 2555 ς

185 2567 313 2621 laxarunt
332 2570 360 2622 Β
396 2569 459 2623 ocia
477 2571 549 2625 libri.
622 2575 656 2622 50
676 2569 790 2623 Somnia
809 2569 874 2623 Birt
892 2587 918 2623 a.
939 2572 1007 2622 1876
1045 2566 1148 2621 Omnie

186 2639 251 2692 77577
300 2638 365 2694 Otia
385 2642 509 2696 Melnehe
562 2640 661 2694 Mollia
679 2641 826 2696 Buecheler
882 2639 995 2692 uictoris
1016 2639 1147 2692 ..decet

186 2710 258 2764 ΒΜ
262 2726 278 2769 ς
369 2717 402 2764 52
421 2712 503 2766 turbe
523 2713 558 2765 B.
597 2714 768 2767 Maecenatis
786 2718 962 2779 comparatur
990 2717 1015 2764 et
1044 2711 1147 2763 rrrilr'tia

186 2787 211 2836 et
242 2782 357 2836 luxuria
384 2800 447 2838 curn
473 2784 602 2852 Apolline
630 2785 743 2853 (6186),
776 2799 837 2837 eune
867 2783 976 2836 Boccho
1008 2783 1146 2850 (57-66),

186 2869 247 2906 cnm
266 2853 384 2907 Hercule
399 2857 533 2925 (69-86),
555 2873 616 2910 enm
629 2856 694 2909 Ione
707 2857 842 2924 (ev-92).
880 2859 914 2906 57
924 2870 978 2922 sqq.
993 2854 1029 2918 es.
1044 2853 1148 2906 Ziehen

187 2924 239 2979 Bb.
261 2926 336 2979 Mne.
356 2931 470 2993 buten,
499 2927 547 2995 qul
574 2927 606 2980 ele
634 2927 760 2996 Auyusto
782 2927 890 2995 coellet.
977 2929 1011 2977 55
1021 2941 1058 2992 eo.
1082 2928 1147 2976 onte

187 2999 220 3047 53
230 3012 268 3063 sq.
288 2996 407 3050 Ribbeck
496 3003 530 3050 53
549 2998 596 3068 no]
624 3013 676 3051 nec
694 2999 722 3050 B
804 3002 838 3050 54
857 2995 962 3064 strupri
985 2997 1012 3050 Β
1049 2994 1148 3048 herere

192 3067 252 3120 Vnt.
264 3072 332 3120 3269
406 3073 439 3120 56
460 3069 610 3123 exorientis
629 3086 663 3122 sc.
683 3070 748 3123 solis
766 3085 831 3121 mox
849 3067 965 3120 orientis
984 3067 1120 3120 Heinsius

187 3140 249 3190 ueta
269 3138 384 3192 orientis
403 3139 478 3194 Ellis
564 3146 595 3193 57
616 3140 704 3195 bache
724 3141 752 3193 Β
837 3145 871 3193 58
890 3137 1013 3191 Portasti
1031 3154 1082 3190 nto

187 3214 220 3262 60
239 3226 296 3263 non
313 3211 445 3280 e'ntelleoo.
519 3217 551 3265 61
571 3212 687 3265 memini
706 3211 746 3264 sic
765 3211 829 3265 h'hrl
847 3209 972 3279 (memini
989 3211 1022 3263 in
1039 3209 1066 3262 Β
1084 3226 1148 3264 eru-

185 3281 255 3349 sune)
284 3281 357 3349 (add.
377 3287 447 3334 unu
475 3284 507 3336 in
527 3285 589 3352 my.)
626 3283 780 3338 meministi
798 3282 945 3336 Buecheler
979 3281 1063 3334 tirsos
1082 3281 1110 3333 Β

186 3354 291 3405 vestem
317 3353 458 3407 Baehrens
547 3360 580 3407 62
600 3355 693 3409 Bache
720 3355 747 3408 B
782 3353 907 3407 bacehea
935 3354 971 3406 M
1004 3367 1149 3420 purpurea

188 3423 252 3477 libri
287 3423 332 3476 vel
353 3439 425 3492 pura
448 3425 598 3479 Burmann
633 3426 743 3480 Bacche
768 3441 846 3493 puer,
873 3442 945 3494 puro
965 3424 1039 3478 Elh'e

188 3498 220 3547 63
239 3496 332 3562 tyrsus
352 3496 380 3548 B
416 3496 535 3563 geminis
555 3498 583 3551 Β
672 3503 707 3551 65
726 3497 854 3550 sandalia
878 3497 938 3551 Vae.
954 3500 1023 3548 3769

187 3570 220 3617 66
239 3563 328 3618 buche
348 3567 420 3618 ΒΜ
509 3573 542 3620 69
563 3568 631 3621 duro
650 3569 791 3622 Baehrens
