2586 3922
523 273 550 328 C.
566 279 717 341 981‚es—es

208 437 273 490 Non
291 435 363 490 illud
382 438 501 504 tempus,
521 435 596 504 qnod
615 434 699 488 modo
718 434 798 498 duee,
816 447 922 486 voeem.

137 516 273 585 Quaeque
292 515 425 570 diessibi
444 515 504 570 vite
522 530 573 570 sus
592 516 648 581 est3
668 531 732 568 eum
749 512 864 567 transiit
881 511 940 577 ille,

209 597 365 652 Hesternne
383 613 439 650 non
459 598 502 650 est
519 595 568 649 lux
586 595 724 650 hodierne
741 609 856 648 memor.

137 678 239 744 Quare,
259 693 343 745 quem
361 677 469 730 fruetus
488 675 609 742 vivendi,
627 675 688 728 vite
703 673 851 742 relinquit:

96 771 123 810 ro
209 756 319 828 Nempe
338 757 407 825 quid
426 755 481 811 hoe
498 757 603 820 demto,
621 772 696 810 mors
714 753 770 808 nisi
788 754 906 820 maeste,
925 750 1020 807 venit?

137 837 270 906 Vndique
289 853 363 905 quee
381 837 465 892 laetis
484 837 508 890 si
527 852 557 890 se
575 835 740 890 tristissime
758 834 905 899 monstret,

210 916 284 982 Quid
302 917 414 972 miseris
433 932 529 972 censes
547 916 624 972 nolle
641 931 741 986 perere
760 914 847 968 mali?

138 996 229 1066 Saepe
247 997 343 1051 ferunt
359 997 445 1064 venti,
464 1013 549 1066 saepe
567 999 611 1052 est
628 996 790 1050 firmissime
807 993 900 1061 nevis3

211 1076 358 1132 Muturunt
375 1079 452 1132 venti
470 1077 596 1132 flemina:
616 1077 696 1131 nevis
714 1076 782 1131 obit.

97 1171 124 1210 rs
138 1157 212 1211 Dum
231 1162 312 1214 eevet
330 1157 382 1212 hos
401 1159 539 1228 scopulos,
559 1157 629 1212 elios
648 1157 790 1211 incurrere
808 1157 897 1209 naute

211 1236 304 1292 Sentit
321 1239 351 1293 et
369 1240 413 1293 est
430 1239 534 1293 damno
553 1238 641 1292 serior
659 1239 721 1292 erte
739 1252 796 1290 suo.

140 1316 253 1372 serrem
272 1319 341 1388 quid
359 1319 390 1372 in
407 1334 511 1390 magno
530 1320 596 1372 sunt
613 1315 828 1387 propugnacula
846 1320 931 1369 sexo?

211 1398 342 1453 Humano
361 1399 452 1453 maius
472 1414 557 1468 seepe
574 1398 673 1453 labore
690 1398 788 1450 ruunt:

140 1477 265 1533 Callidus
284 1478 403 1535 internis
423 1495 452 1534 se
472 1478 588 1548 spiritus
606 1478 713 1548 ingerit
731 1477 833 1543 entris3

98 1570 125 1609 ee
212 1558 281 1612 Cum
299 1560 394 1629 posite
411 1577 496 1630 rupee
515 1559 556 1614 sie
574 1559 668 1629 gravis
687 1573 751 1612 eree
769 1558 852 1612 iacet.

139 1638 213 1693 Tute
230 1657 283 1694 nee
302 1641 331 1694 in
350 1639 441 1694 solido
459 1656 552 1695 rerum
571 1639 695 1694 Fortuna
713 1638 808 1693 favore
827 1639 883 1703 est3

212 1719 281 1773 Cum
299 1719 415 1775 minime
428 1721 541 1786 eredes,
560 1719 675 1788 impulit
692 1719 744 1773 ille
761 1720 860 1772 rotem.

139 1799 211 1852 Tum
229 1816 349 1869 quoque,
368 1817 432 1855 eum
450 1800 541 1854 nitido
560 1800 635 1854 ridet
652 1799 847 1869 placidissime
864 1796 953 1864 vultu,

211 1879 313 1950 Turpis
331 1881 361 1934 in
380 1881 496 1935 adverso
514 1882 628 1950 pectore
645 1880 726 1932 fucus
745 1880 826 1932 inest.

99 1971 124 2010 es
138 1960 239 2014 Elevet
256 1961 411 2027 incautum,
431 1962 591 2030 sperantem
610 1959 733 2013 maxime
750 1960 822 2013 nutu

95 2077 97 2085 ·
210 2040 336 2108 Preiieit‚
356 2041 484 2096 aseendit
502 2043 596 2095 cetere
614 2039 698 2093 turbe
716 2041 820 2093 temen.

139 2121 217 2175 Heee
236 2137 288 2192 ego
307 2121 357 2189 qui
375 2138 490 2191 possum
508 2121 619 2176 miseris
638 2119 723 2174 miser
741 2119 802 2188 ipse
820 2118 932 2184 referre,

210 2201 276 2255 Non
293 2205 422 2270 peterem
441 2201 525 2256 dietis
545 2201 613 2255 olim
632 2200 766 2254 adhibere
785 2199 878 2267 fidem,

140 2281 234 2336 Stulte
251 2283 320 2350 quie
338 2285 367 2338 et
385 2282 457 2335 votis
476 2284 535 2336 tem
553 2281 668 2336 credule
686 2281 770 2334 turbe
789 2280 873 2334 beate
892 2282 944 2347 est,

100 2371 125 2411 eo
211 2362 316 2418 Rideat
333 2364 366 2417 ut
383 2362 478 2416 miseri
497 2377 602 2433 magne
621 2361 761 2416 monentis
780 2376 871 2430 opem.

140 2443 231 2512 Saepe
248 2443 319 2496 mihi
338 2443 411 2497 dixit
429 2442 558 2512 Paeligni
576 2441 659 2496 Musa
676 2443 786 2510 poetae,

212 2523 295 2577 Nune
314 2539 366 2593 ego
385 2525 496 2577 mutate
515 2521 590 2591 quod
608 2522 670 2576 viee
689 2523 752 2576 dieo
771 2521 833 2575 tibi.

141 2604 261 2671 Credite,
281 2605 344 2672 quis
362 2603 449 2656 fidum
468 2603 592 2656 Fortuna
610 2602 722 2655 videtur
740 2602 862 2671 asylum:

212 2683 276 2737 Non
295 2684 350 2738 erit
367 2684 438 2738 hese
456 2683 543 2746 vobis.
562 2699 619 2737 non
637 2682 693 2735 fuit
710 2682 762 2735 ille
779 2681 858 2736 mihi.

100 2782 126 2822 en
141 2765 249 2820 Pendet
267 2764 304 2818 eb
323 2780 376 2819 axe
394 2779 445 2817 suo
462 2764 539 2817 vitee
556 2762 701 2817 variabilis
720 2761 797 2828 ordo,

213 2843 300 2898 Nulle
318 2844 362 2898 sui
381 2846 459 2899 certe
477 2847 521 2898 est
538 2844 608 2898 hors
626 2857 678 2896 nee
696 2841 755 2896 ulle
773 2840 837 2909 fuit,

142 2924 268 2994 Cumque
286 2924 359 2978 nihil
376 2924 467 2993 possit
485 2923 564 2994 longi
582 2922 652 2993 fuge
670 2921 783 2976 mobilis
803 2921 873 2989 sevi,

214 3006 248 3060 Se
269 3007 363 3060 temen
381 3004 435 3058 hee
454 3020 564 3073 semper
581 3003 742 3058 mobilitete
760 3002 843 3073 fugit.

142 3086 197 3142 Sed
215 3085 304 3140 vitem
323 3085 460 3140 incertum
479 3083 606 3152 sequitur
623 3082 785 3138 miserabile
803 3083 900 3150 letum,

215 3297 247 3345 72
266 3306 349 3359 posse
370 3292 472 3346 conieci
507 3289 617 3345 nolleb
652 3304 734 3343 nosse
753 3289 894 3343 Baehrens
966 3292 1000 3341 75
1018 3287 1106 3342 hoeb

143 3362 213 3417 elios
233 3378 262 3416 se
281 3363 423 3417 Baehrens
486 3367 519 3414 76
539 3361 646 3415 saevior
668 3362 819 3415 Burmann
883 3364 916 3412 78
935 3358 1042 3414 Maiore
1060 3361 1106 3429 (ec.

143 3434 372 3504 >

142 3525 211 3633 cerr.
232 3521 406 3631 Bsqmaeoeip
437 3581 471 3630 85
490 3523 644 3644 sliiirentem
663 3576 813 3630 Burmann
868 3578 902 3628 94
920 3574 974 3628 hoc
999 3543 1107 3628 Weiss

143 3650 211 3715 dors
280 3652 313 3701 97
332 3647 423 3715 prosit
443 3647 505 3701 Oud
577 3651 611 3700 98
631 3645 701 3701 Seb
738 3645 785 3700 Sin
802 3646 906 3701 conieci

893 3733 946 3786 28·
