2598 3922
187 265 251 333 164
562 269 590 322 C.
605 269 679 334 ossi,
695 283 776 322 rs-es

185 435 243 496 Sed
266 443 316 496 lue
340 436 445 515 religio
468 435 591 513 calvum,
615 431 767 514 caligoque
792 444 905 496 remoto

185 524 295 596 Galliea
318 528 357 586 sit
381 524 505 605 pedihus
528 523 610 586 molli
633 523 771 585 redimito
793 541 918 604 papyro:

184 613 243 675 Res
266 614 402 676 mirando
424 616 496 674 satis
520 612 692 693 deiectoque
716 612 845 674 eulmine
869 633 993 674 summo.

187 702 218 762 Si
242 705 309 782 quis
333 701 368 764 ab
392 703 486 764 Isiaco
510 703 622 781 consul,
644 701 786 782 procedat
807 705 840 763 in
863 703 975 780 orbem,

185 791 275 853 Risus
298 791 379 853 orbis
403 794 473 874 eril3
497 794 564 872 quis
587 799 617 852 le
640 807 700 852 non
723 791 820 853 ridens
842 801 949 870 aulem,

187 880 244 952 Qui
268 881 360 943 fueris
384 881 497 960 consul,
520 899 600 942 nuno
623 880 711 940 leidis
735 899 801 941 esse
824 878 1016 942 ministrum?

185 969 329 1049 Quodque
352 970 444 1051 pudet
466 972 571 1050 primo,
595 977 624 1030 te
648 988 707 1030 non
731 969 823 1049 pudet
846 987 913 1031 esse
936 969 1078 1048 seeundo,

184 1059 399 1139 Ingeniumque
423 1067 508 1120 tuum
530 1067 635 1138 turpes
657 1057 798 1120 damnare
821 1077 876 1140 per
898 1059 1023 1139 hymnos

186 1147 394 1227 Respondenle
417 1148 473 1208 tibi
496 1148 582 1226 vulgo
607 1156 637 1208 et
659 1141 826 1209 ilaooranto
848 1156 962 1226 senatu,

186 1236 287 1315 Teque
313 1238 398 1298 domo
422 1240 542 1317 propria
565 1239 679 1316 pictum
703 1237 771 1297 cunr
794 1237 925 1298 leseihus
948 1245 1025 1315 onie„

186 1325 271 1387 Nune
295 1345 412 1406 quoque
436 1346 505 1387 oum
528 1328 617 1386 sistro
639 1318 747 1386 ¹leolum
770 1334 889 1405 portare
912 1323 1070 1388 caninum?

185 1413 264 1476 Haeo
288 1423 338 1476 lue
362 1415 512 1476 humilitas
536 1422 565 1475 et
588 1413 766 1476 humilitatis
788 1417 885 1494 imago
908 1414 966 1476 ostl

185 1503 315 1565 Aedibus
339 1505 387 1565 illa
412 1507 472 1565 luis
496 1522 614 1583 semper
636 1513 827 1565 monumenta
849 1503 1020 1565 monebunt.

252 1593 364 1655 Rumor
387 1602 417 1654 et
439 1593 476 1654 ud
499 1602 617 1654 nostros
640 1595 777 1672 pervenit
798 1592 936 1673 publicus
958 1611 1054 1670 eures,

185 1683 227 1743 Te
252 1684 374 1744 dixisse:
399 1681 478 1761 ‘lieu
501 1685 611 1763 erruvi3
635 1681 769 1761 ignosce!
795 1679 910 1744 redivi!

185 1771 239 1832 Dio
261 1773 344 1850 mihi,
368 1775 394 1832 si
417 1772 528 1833 velens:
553 1789 621 1832 oum
643 1771 712 1831 talio
735 1790 825 1850 saepe
849 1790 970 1852 rogares

185 1859 223 1922 Et
244 1864 359 1922 veniam
382 1868 510 1941 peteres,
533 1879 608 1940 quae
631 1867 731 1921 lerum
753 1860 844 1921 verha
867 1861 964 1922 lomrlu
987 1857 1054 1922 est?

184 1950 260 2011 Vera
282 1958 383 2011 mente
407 1969 500 2029 eures,
523 1951 658 2028 sequeris
682 1951 734 2028 qui
756 1958 856 2010 mente
879 1957 1023 2010 carehim.

185 2039 265 2100 Huee
288 2042 398 2100 iterum
421 2042 533 2119 repetis
557 2057 613 2100 neo
636 2046 665 2098 te
689 2037 863 2118 delinquere
886 2036 1002 2100 sentis?

186 2127 263 2199 Quid
286 2147 430 2208 mereare,
453 2128 529 2189 vide.
574 2130 674 2189 minus
698 2146 779 2188 esses
803 2129 878 2189 lorte
902 2126 1057 2205 notandus,

187 2216 219 2277 Si
241 2225 356 2278 tantum
379 2218 436 2278 hoo
458 2220 553 2278 scires
576 2224 606 2277 et
628 2219 659 2276 in
682 2217 738 2277 hoo
762 2235 865 2278 errore
887 2235 1037 2296 munerosq

185 2306 222 2366 lt
245 2325 314 2366 cum
336 2306 482 2367 vericolee
505 2309 709 2386 penetraveris
730 2309 809 2367 ostia
832 2305 915 2386 legis,

186 2394 224 2455 Et
245 2395 300 2455 ribi
323 2415 412 2456 nosse
434 2395 528 2456 Deum
551 2397 654 2474 paucis
677 2397 849 2474 proveneril
870 2397 965 2475 annis,

187 2483 247 2545 Cur
269 2485 429 2563 linquenda
452 2481 558 2544 lenes?
582 2491 632 2544 uui
655 2502 710 2544 eur
733 2484 887 2545 relinendu
911 2481 1077 2563 relinquis?

186 2571 398 2653 Nilqueooliq
422 2572 492 2633 dum
516 2581 622 2634 cuneta
645 2572 726 2651 eolis,
750 2592 806 2633 nec
830 2573 919 2634 corde
942 2580 1095 2651 relraolos,

185 2662 261 2723 Vero
284 2662 355 2742 quid
379 2681 395 2722 o
419 2661 510 2740 salsis,
533 2661 606 2740 quid
629 2659 665 2720 ab
689 2662 804 2722 umbris
826 2662 938 2723 lumino
962 2661 1082 2722 distent.

185 2750 397 2831 Philosophum
421 2753 517 2830 lingis,
541 2769 609 2811 cum
633 2759 661 2810 te
686 2753 832 2812 sententia
855 2758 962 2812 mutel:

259 2945 292 2993 23
312 2939 421 2995 Gallico
439 2941 458 2994 o'.
474 2955 494 2994 e.
514 2939 667 3010 palloribus
685 2958 706 2994 e.
722 2946 747 3008 4,
757 2945 810 2993 44?
834 2937 954 3010 (colligo
973 2939 1040 2995 Par.
1051 2941 1133 3008 elin)

186 3011 286 3080 papiro
308 3012 367 3066 FR
457 3017 491 3065 26
510 3011 620 3080 yssioeo
649 3010 680 3064 F
711 3009 809 3065 urbem
836 3013 933 3066 Pumel
1021 3015 1056 3064 eo
1070 3011 1152 3065 orbis

186 3083 286 3151 Peiper
311 3083 389 3137 urbis
410 3085 506 3137 Hortel
534 3083 589 3136 on's
608 3083 674 3136 iibri
746 3089 778 3137 28
798 3085 880 3152 puhel
902 3085 931 3137 ei
955 3082 1046 3152 primo
1066 3083 1097 3137 F
1111 3086 1154 3152 (ei

186 3153 248 3224 del.)
320 3157 354 3208 29
372 3157 455 3223 rupes
474 3153 502 3208 R
538 3169 635 3223 ymnos
655 3153 686 3208 F
741 3159 774 3207 31
794 3155 908 3208 domum
926 3154 1070 3224 proprium
1088 3153 1120 3209 F

186 3227 253 3279 nube
272 3225 400 3280 R2011m
419 3226 450 3280 F
518 3231 551 3278 32
570 3224 646 3278 Num
664 3225 691 3280 F
728 3227 811 3279 sistro
831 3228 859 3282 R
937 3229 971 3278 33
988 3228 1041 3280 hun
1061 3268 1066 3279 .
1083 3267 1089 3278 .
1108 3226 1151 3297 el]

186 3311 242 3350 non
262 3298 358 3351 ..sed
377 3297 586 3363 Pomel,reelei
656 3301 689 3349 36
708 3297 718 3349 i
740 3309 853 3351 noscere
872 3295 930 3350 divi
948 3297 980 3352 F
1012 3296 1152 3368 ignosolhe
1220 3349 1224 3356 .
1292 3319 1293 3330 ¹

187 3368 258 3421 divi!
277 3369 433 3424 perdoctus
505 3373 538 3420 89
557 3369 682 3420 mentem
748 3371 787 3438 (m
804 3370 884 3437 eras.)
919 3383 975 3436 que
995 3369 1023 3424 R
1058 3371 1094 3421 48
1111 3369 1153 3422 olo

186 3439 213 3494 F
244 3440 388 3494 nerieuloe
407 3439 435 3494 R
507 3444 541 3493 44
559 3437 721 3507 proueniret
739 3439 769 3492 in
789 3439 869 3493 annis
889 3440 917 3495 R
985 3445 1019 3494 45
1037 3441 1079 3494 sle
1096 3440 1126 3494 F

186 3509 353 3579 reliquenda
374 3515 454 3565 lenes
474 3510 502 3564 R
591 3515 625 3563 46
645 3523 696 3564 neo
720 3511 833 3565 eredere
855 3513 947 3564 heolus
968 3512 996 3567 R
1067 3513 1101 3565 di
1121 3511 1152 3582 e]

187 3581 224 3636 ed
242 3590 267 3638 et
287 3581 336 3655 ab]
365 3584 402 3636 ud
421 3581 460 3649 F3
488 3588 632 3650 semumque
658 3595 727 3636 corr.
746 3598 781 3634 m.
800 3585 887 3651 antiq.
924 3581 1034 3636 disheul
1053 3583 1085 3636 F

186 3658 221 3707 48
240 3654 449 3723 phylosophum
468 3653 499 3707 F
566 3657 600 3705 49
620 3668 689 3706 oure
707 3655 821 3724 oulpata
921 3685 924 3689 ·
