2582 3924
190 231 256 296 282
577 229 605 284 G.
621 235 763 297 itote-1⁶

190 398 306 460 Gaudet
327 401 409 459 iners
431 405 514 458 tanto
538 416 641 458 secum
663 397 801 458 sublimis
823 396 945 474 honore,

257 488 397 549 Virtutes.
420 506 528 564 mores,
551 496 642 566 gesta,
666 505 760 565 genus
783 503 953 546 numerans.

191 577 263 638 Sors
285 597 357 656 vaga
381 584 488 638 cuneta
511 583 602 637 rotat:
625 576 762 636 olitorem
785 583 891 636 nectus
914 573 1023 634 escilus

257 666 331 726 Allia
355 685 423 727 cum
446 668 545 745 porris
568 665 685 744 fertque
708 665 860 743 refertque
883 664 989 723 femin.

188 755 299 817 Horret
321 755 408 817 turba
431 754 535 835 procui
558 763 589 815 et
611 754 704 816 olenti
727 753 806 815 cedit
829 753 928 814 asello.

256 845 311 906 Hic
334 853 434 925 stupet
456 847 580 923 ignarus
603 852 633 905 et
655 842 859 922 gemebundus
883 844 936 902 eit:
1171 881 1197 919 10

190 932 263 996 ‘Cur
286 937 329 994 sic
353 930 569 1012 contempnor?
592 951 646 993 cur
669 935 744 993 tanti
768 935 860 993 cessit
882 931 1003 991 honoris

257 1021 379 1085 Gloria?
402 1042 478 1103 quae
501 1023 593 1083 coluit
616 1040 663 1082 me
686 1020 782 1100 modo,
805 1021 894 1082 turbe
917 1021 1000 1098 fugit

189 1112 269 1174 ilaec
294 1121 339 1174 est
361 1112 407 1174 ler
431 1111 549 1174 mundi:
573 1114 706 1190 genitum
729 1113 894 1172 consistere
918 1112 1077 1188 quicquam

257 1202 323 1263 Non
346 1202 431 1262 valet.
476 1201 532 1261 Hic
556 1201 650 1262 iaetus
673 1193 834 1279 †portheor
857 1199 933 1260 alter
956 1195 1030 1276 ego?

190 1381 228 1442 Se
251 1387 336 1460 putat
358 1380 480 1458 indigne
503 1386 650 1440 mutatum
673 1379 793 1439 functus
816 1378 937 1456 honore,
1170 1413 1195 1452 1⁵

256 1470 326 1530 Post
349 1472 461 1548 positos
485 1470 580 1529 fasces
604 1468 670 1528 vilis
694 1468 731 1528 ad
753 1469 813 1528 ima
836 1467 954 1528 cedens.

263 1659 429 1713 ‘iolicorem
448 1660 475 1712 V
526 1659 648 1725 8firjmm
671 1658 697 1710 V
754 1663 787 1711 12
806 1656 930 1728 glorier?
954 1656 981 1710 V
1035 1662 1068 1709 14
1087 1671 1154 1724 pro-

189 1733 272 1785 tenus
293 1732 457 1786 Oroeiuoib.
473 1735 533 1784 488.
591 1734 624 1783 15
642 1729 760 1800 indigno
780 1729 812 1795 V,
830 1730 937 1784 correxi
992 1732 1025 1780 16
1043 1743 1110 1796 ymo
1129 1727 1159 1780 V
