2582 3924
523 194 720 261 uuam-aa
1043 192 1107 255 227

148 361 223 421 Lilia
247 380 302 422 ceu
324 363 440 422 niteant
462 361 560 422 rutilis
584 363 742 422 commixta
765 363 880 438 rosetis,

149 451 199 510 Sic
222 450 314 511 rubor
338 457 368 510 et
391 451 502 511 candor
523 453 651 530 pingunt
672 448 737 528 ubi,
759 448 886 526 Florida,
911 448 1018 510 vultus.

146 539 280 619 Denique
303 541 456 617 miramur,
480 538 559 619 quod
578 538 651 599 colla
673 538 795 600 monilia
819 545 947 616 gestant:

104 643 132 684 55
147 629 191 689 Ex
214 631 328 689 umeris
351 629 460 690 lrustra
484 628 622 708 phaleras
644 629 763 707 inponis
787 626 918 687 eburnis.

147 717 222 778 Nam
245 717 301 778 tihi
323 735 383 778 non
406 735 549 796 gemmae,
573 716 626 778 sed
649 724 681 777 tu
705 716 757 777 das
780 715 892 776 lumina
915 716 1050 793 gemmis,
1111 739 1112 742 ¹

146 808 242 886 Atque
266 806 339 866 alias
363 809 460 884 comit,
483 825 538 886 per
560 813 590 867 te
614 805 693 885 quod
717 808 853 881 comitur,
877 822 991 864 aurum.

148 895 266 974 [lloct]a
290 895 371 974 loqui
395 897 557 974 scriptique
580 902 669 956 tenax
692 894 836 974 veloxque
860 892 977 972 legendi
1003 890 1072 970 [es]‚

148 984 210 1062 [Et]
235 992 385 1063 tamquam
408 985 475 1044 talis
499 985 591 1044 lueris
614 1001 756 1063 praesaga
778 985 887 1062 mariti,

101 1089 130 1129 4⁰
147 1073 223 1151 [Sic]
248 1073 349 1134 Musca
372 1075 432 1134 tuis
455 1073 567 1134 insedit
589 1091 661 1133 cura
683 1072 830 1134 medullis.

146 1161 208 1223 Nec
232 1165 331 1223 minus
354 1164 386 1222 in
409 1165 539 1242 propriis
563 1161 707 1222 studium:
731 1181 800 1222 nam
823 1161 933 1222 vellera
955 1159 1040 1221 lanae

145 1250 311 1316 Textilibus
335 1251 458 1312 calathis
482 1269 601 1330 semper
623 1258 751 1311 tractare
775 1253 871 1330 perita

145 1340 239 1419 lnque
263 1340 365 1418 globos
389 1348 498 1402 teretes
522 1342 659 1401 coeuntia
682 1338 800 1400 volvere
823 1357 915 1418 pensa

146 1430 331 1509 Compositas
354 1432 438 1490 tenui
461 1429 619 1509 suspendis
643 1431 769 1490 stamine
791 1428 879 1509 telas3

100 1535 128 1574 55
146 1518 226 1588 Quas
249 1537 317 1579 cum
341 1519 498 1598 multiplici
521 1519 667 1579 frenarint
689 1518 757 1578 licia
780 1536 886 1596 gressu

144 1608 285 1668 Traxeris
309 1614 339 1667 et
363 1607 462 1686 digitis
486 1626 554 1668 cum
577 1607 678 1667 mollia
701 1607 749 1667 iila
773 1606 915 1685 gemellis,

145 1697 247 1757 Serica
270 1697 422 1757 Arachnen
448 1697 611 1757 densentur
632 1699 751 1775 pectine
774 1702 854 1756 texta

144 1785 328 1864 Subtilisque
353 1804 439 1864 seges
462 1785 545 1846 radio
568 1784 713 1846 stridente
738 1785 870 1845 resultat.

215 1874 274 1935 Sed
297 1877 356 1934 iam
381 1875 509 1935 sufficiat
533 1874 568 1935 de
592 1876 707 1952 magnis
730 1893 825 1953 pauca
847 1873 986 1949 locutum,

101 1980 129 2018 5ο
147 1962 209 2024 Nec
233 1965 306 2024 sinit
327 1965 383 2024 hoc
407 1972 524 2042 tempus
548 1970 625 2023 totas
648 1981 728 2023 nunc
751 1961 882 2041 pandere
905 1960 1017 2021 laudes.

146 2052 225 2124 Quin
248 2055 351 2130 magis,
375 2071 391 2112 o
414 2055 510 2132 pueri,
533 2071 645 2132 vosque
669 2051 815 2129 exaudite,
839 2049 964 2130 puellae,

146 2141 226 2213 Quas
250 2149 352 2220 optare
376 2160 463 2220 pares
487 2141 630 2202 thalamos
652 2139 814 2220 taedasque
837 2139 951 2218 iugales

147 2229 291 2291 Sensibus
316 2249 351 2291 ex
375 2233 444 2291 imis
468 2233 598 2310 suspiria
621 2229 708 2290 ducta
731 2228 873 2289 latentur!

147 2319 306 2380 Consertas
328 2327 467 2398 prensate
491 2338 596 2379 manus
619 2337 818 2397 magnumque
841 2336 896 2398 per
919 2316 1021 2377 orbem

1 2458 3 2465 .
103 2424 128 2464 55
144 2408 254 2470 Dextra
278 2407 349 2486 liget
371 2408 496 2490 laevam3
521 2410 612 2468 festos
637 2407 784 2468 celebrate
807 2407 986 2487 hymenaeos
1081 2437 1083 2442 .

217 2603 250 2650 32
271 2614 321 2651 eeu
341 2599 359 2651 l.
375 2615 395 2652 e.
415 2600 496 2665 quael
585 2602 618 2650 33
638 2596 752 2650 Florida
774 2614 872 2652 uomeu
894 2612 1009 2664 sponsae
1027 2601 1107 2663 puto,

143 2670 178 2736 cf.
198 2687 222 2722 o.
238 2674 284 2724 20:
304 2670 335 2722 uc
353 2669 538 2738 epithalamiis
556 2675 580 2723 el
597 2671 691 2737 spousi
709 2676 735 2723 et
751 2684 866 2737 spousue
893 2667 1006 2720 uomlua
1022 2667 1108 2734 prodi

143 2743 267 2795 solehuut
338 2747 373 2793 34
392 2741 504 2810 gestent
522 2742 560 2794 M
630 2745 662 2792 35
682 2740 776 2808 Atque
799 2738 968 2804 Werusdorf,
987 2735 1074 2791 recte?

144 2811 268 2865 humeris
292 2811 358 2864 VM
392 2811 585 2869 5515555555
619 2811 739 2864 eburnas
757 2814 793 2863 M
862 2815 895 2862 36
914 2811 954 2862 se'e
972 2808 1009 2861 M
1043 2806 1107 2860 Non

144 2882 284 2936 ubinam
304 2883 331 2937 V
399 2888 432 2935 37
451 2883 527 2950 quod
547 2883 666 2936 comitur
684 2882 817 2936 Eldr'lclua
853 2879 1029 2949 componitur
1049 2877 1110 2934 VM

218 2958 251 3006 38
270 2954 310 3007 sle
333 2955 492 3008 Buecheler:
518 2952 531 3025 l
536 2952 549 3025 s
556 2969 573 3006 5
600 2953 679 3021 loqui
704 2954 734 3007 V.
754 2969 805 3006 555.
835 2953 873 3006 Μ
915 2967 944 3004 55
973 2951 1083 3012 adulat

146 3031 178 3079 39
199 3025 236 3078 Ei
254 3025 318 3080 add.
333 3025 469 3079 Heinsius
504 3027 649 3094 tamquam
669 3041 718 3078 om.
735 3026 773 3079 M
846 3027 880 3076 40
901 3021 946 3074 Sic
964 3021 1021 3076 adol
1034 3023 1107 3090 Iup,

144 3097 222 3150 Haec
242 3097 376 3162 Mueller;
391 3098 480 3164 possis
495 3095 549 3149 Vel
621 3101 655 3148 42
675 3095 818 3149 Taxilibus
834 3096 872 3149 M
905 3093 1028 3163 gelelhis
1047 3093 1074 3146 V

144 3172 256 3221 traxere
273 3169 310 3221 M
380 3172 414 3219 43
433 3167 465 3238 5,]
485 3171 594 3220 ueteres
612 3169 649 3220 M
682 3166 783 3220 vellere
805 3165 969 3231 Werusdorf
1000 3164 1106 3217 uellere

150 3240 217 3294 VM
251 3238 360 3292 volvere
380 3239 513 3293 Eldileius
584 3244 618 3291 45
637 3238 784 3292 frenarunt
807 3237 880 3303 VM,
898 3254 966 3292 corr.
987 3236 1107 3290 Mueller

216 3367 249 3416 45
270 3377 373 3416 araneo
398 3363 469 3428 VM,
489 3379 536 3416 em.
556 3363 691 3417 Heiusius
781 3367 815 3415 58
834 3328 946 3414 slndele
967 3361 1004 3414 M

144 3441 178 3489 49
197 3435 348 3503 loquulum
372 3434 434 3488 VM
503 3439 536 3486 50
555 3432 619 3486 Non
638 3435 676 3486 M
709 3452 735 3486 n.
755 3452 781 3502 p.
801 3433 832 3503 l.]
861 3431 1003 3485 effundere
1030 3430 1106 3483 uires

146 3509 184 3561 M
236 3511 270 3561 52
290 3504 365 3570 Quos
386 3507 424 3559 M
488 3511 521 3558 53
542 3505 651 3558 eximiis
676 3505 751 3558 Vm.
763 3521 808 3573 pr.
825 3503 860 3555 M
931 3507 966 3556 54
984 3503 1023 3556 sie
1047 3502 1074 3556 V

144 3580 262 3646 pensate
283 3579 321 3630 M
354 3579 481 3646 pressule
500 3577 666 3636 Buecheler,
702 3575 842 3635 55555555
862 3574 899 3626 M
932 3573 1058 3642 ymineos
1084 3574 1111 3627 V

894 3662 945 3714 15*
