2598 3922
192 228 257 293 160
507 269 511 278 ·
583 228 611 283 (i.
628 234 765 297 odda-25

189 395 308 457 Mantua
331 404 430 457 nostra
455 395 520 456 aliis
544 403 659 456 tantum
683 395 820 456 concedit
842 395 973 474 honoris

188 486 328 546 Puniceis
352 485 473 546 humilis
497 493 640 564 quantum
665 485 796 546 saliunca
820 487 928 544 rosetis

156 601 159 608 ·
189 576 247 636 Aut
270 575 350 636 oleae
375 576 478 654 spinus
502 577 580 635 caris
604 581 655 634 aut
677 572 786 634 vitibus
811 573 904 652 alnus,

188 663 343 724 Elleborus
366 664 468 742 nardo,
491 666 588 743 piperi
612 662 686 741 faba,
709 663 788 723 toins
812 670 842 723 et
865 681 945 723 auro.

189 752 252 824 Qua
274 752 374 814 nullus
398 755 547 832 praeceps,
570 751 670 813 nullus
694 770 811 831 quoque
835 770 925 811 verna
949 760 1089 830 moratur,

188 835 352 921 †dequales
376 849 471 903 totum
495 844 626 902 retinent
648 840 696 901 vel
718 848 824 901 cuncta
848 843 975 919 tyranni.

187 931 248 991 Pax
272 930 345 993 abiit
367 933 471 1010 tristis,
496 931 593 991 civilia
616 929 694 990 belia
718 937 872 1008 geruntur,

188 1020 290 1098 Friget
313 1023 422 1081 amoris
444 1021 548 1098 bonos,
571 1019 707 1080 odiorum
730 1021 843 1079 semina
867 1017 987 1097 pollent,
1170 1033 1196 1073 ιο

188 1109 381 1170 Frumentum
405 1113 560 1189 premitur,
584 1108 687 1169 lolium
711 1111 776 1169 sine
799 1111 919 1168 nomine
943 1111 1050 1188 surgit3

187 1198 356 1259 Moerorum
379 1198 492 1278 lapides
516 1209 546 1259 et
568 1197 790 1277 propugnacula
812 1196 953 1275 rendunt7

187 1287 335 1349 Excubias
359 1290 411 1367 qui
434 1296 513 1348 sorte
538 1295 653 1366 gerunt.
701 1286 816 1347 cultura
841 1286 964 1346 deorum

186 1376 395 1455 Virtutumque
419 1377 510 1458 cadit3
533 1377 619 1455 fingit
643 1375 701 1436 sibi
724 1377 851 1454 quisque
875 1375 1040 1453 colendum,

187 1464 271 1526 Mens
294 1485 366 1544 vaga
390 1466 468 1545 quod
492 1465 605 1526 suadet.
651 1483 775 1544 magnae
797 1466 894 1525 vicina
918 1467 1022 1525 ruinae
1169 1477 1195 1516 1⁵
1287 1489 1288 1516 1

186 1553 305 1615 Mantua
328 1573 381 1615 rae
405 1558 541 1634 miserae,
565 1573 654 1633 quam
677 1553 821 1614 barbams
844 1551 941 1614 incola
964 1553 1068 1632 replet,
1287 1553 1288 1560 ’

187 1643 282 1715 Quam
305 1663 442 1706 sermone
467 1651 576 1722 secant,
599 1650 705 1704 venter
728 1661 802 1722 quos
825 1642 949 1722 protulit
971 1660 1057 1720 unus,

186 1734 291 1794 Frater
314 1742 344 1794 et
367 1733 403 1793 ad
426 1734 549 1793 fratrem
572 1732 671 1793 verbis
695 1751 755 1792 non
777 1733 881 1793 haeret
905 1730 1029 1792 eisdem!

186 1822 307 1901 Tityrus
331 1822 484 1884 admonuit
508 1825 587 1883 cives
612 1841 699 1901 quam
724 1840 812 1901 saepe
836 1839 949 1899 cavere,

186 1911 230 1972 Ne
253 1911 342 1992 lupus
365 1915 396 1971 in
421 1911 545 1973 stabulis
569 1915 668 1972 ovium
691 1913 832 1971 misceret
855 1909 989 1971 acervos!
1167 1922 1194 1960 2⁰

185 2000 309 2061 Dissona
334 2001 387 2062 sed
410 2008 547 2062 cunctam
570 2003 664 2061 vetnit
688 1999 836 2060 discordia
859 1998 985 2079 piebem,

186 2089 229 2149 Nc
253 2089 351 2150 saltim
375 2090 508 2151 excubiis
531 2091 578 2150 vel
603 2108 690 2168 saepe
715 2088 906 2149 ambronibus
929 2086 1036 2148 obstet.

186 2179 290 2239 Stertit
313 2182 393 2240 enim
416 2179 518 2259 upilio.
564 2198 651 2239 casus
674 2179 733 2238 heu
757 2197 847 2239 cerno
870 2179 1066 2257 propinquos:

185 2267 220 2328 Ei
244 2268 317 2327 mihi
341 2303 383 2310 -
407 2270 525 2346 iamque
548 2268 632 2328 nefas
656 2302 699 2309 —
722 2268 789 2346 heu,
813 2286 867 2346 pro
892 2264 987 2326 dolor!
1012 2266 1040 2324 ei
1062 2265 1138 2324 mihi

680 2391 722 2398 -
747 2356 875 2435 tandem,

186 2445 217 2506 Si
241 2465 299 2525 qua
322 2453 390 2507 tuae
414 2465 494 2507 nunc
518 2448 622 2506 matris
645 2445 734 2506 habet
756 2453 787 2506 te
811 2463 890 2522 cura,
914 2441 1022 2504 faveto!
1165 2455 1191 2495 2⁵

184 2641 226 2701 22,
238 2639 296 2689 628.
335 2635 414 2688 Maro
446 2633 586 2688 Mecenati
618 2633 737 2687 salutem
773 2633 806 2700 G,
832 2650 883 2687 om.
906 2634 935 2686 Τ.
973 2632 1050 2704 Eryo
1073 2650 1099 2686 a.
1115 2637 1149 2684 42

184 2724 209 2759 a.
226 2707 286 2762 cor.
302 2723 329 2760 n.
344 2707 448 2775 saepta
465 2707 589 2776 finyitur.
627 2707 676 2759 An
693 2707 789 2775 potius
809 2707 847 2758 od
868 2704 1067 2759 Germanorum
1085 2711 1151 2757 tern-

179 2795 252 2846 pore
277 2779 380 2833 saeculi
402 2778 429 2829 V
458 2779 498 2832 oei
515 2778 566 2830 IX
595 2776 716 2845 spectat?
742 2776 777 2843 cf.
796 2794 820 2832 v.
837 2781 950 2829 13-16.
1026 2781 1048 2829 1.
1069 2779 1084 2826 2
1106 2775 1148 2841 Of.

188 2849 265 2920 Vero.
285 2851 329 2904 cci.
347 2856 371 2916 1,
382 2855 416 2902 24
434 2866 456 2904 a.
528 2850 598 2916 des.
622 2849 673 2902 Ver
693 2891 698 2901 .
718 2848 764 2902 eci.
785 2852 809 2913 5,
821 2853 852 2900 1‘1
923 2844 1037 2918 5⁰led!
1056 2845 1082 2899 G

185 2919 299 2988 ibium,
328 2937 405 2987 corr„
426 2921 452 2973 T
541 2867 716 2988 8Aequades
740 2935 796 2973 non
820 2919 911 2972 inseite
930 2920 987 2972 itur
1060 2921 1093 2969 15
1113 2917 1149 2982 cf.

187 2992 265 3061 Vero.
285 2993 329 3046 eci.
351 2997 374 3060 9,
386 2996 419 3045 28
479 2997 510 3045 19
531 2991 687 3045 ammonuit
710 2990 764 3044 Te
828 2996 861 3043 22
881 2936 937 3061 red]
957 2990 990 3042 ut
1013 2988 1114 3042 Usener

183 3062 376 3117 ambronibus:
396 3063 430 3128 cs.
451 3064 525 3118 Poet.
552 3064 613 3117 aevi
633 3063 721 3118 Oarol.
742 3063 914 3131 11112748.
1007 3064 1039 3112 23
1060 3058 1150 3127 opilio

186 3133 253 3201 TG3
272 3137 306 3202 cf.
324 3135 562 3205 Ver9.ecl.10,19.
628 3140 661 3186 24
681 3148 802 3200 namque
815 3139 882 3202 puto
920 3130 999 3185 dolor
1013 3132 1042 3184 et
1057 3131 1150 3184 Baeb-

181 3223 244 3260 rens
303 3212 337 3259 25
358 3207 455 3260 cereto
474 3207 615 3260 Baebens
634 3206 699 3259 otim
736 3204 831 3257 functo
855 3203 916 3258 To.
955 3203 989 3268 cs.
1009 3203 1054 3257 ecl.
1077 3206 1149 3270 mo
