2594 3920
593 263 619 316 O.
636 269 697 330 490,
712 278 777 322 1-18

653 463 720 527 490

148 603 175 644 Β,
189 603 285 644 11-11.
295 604 333 644 111
342 605 388 646 rer.
572 585 800 652 TIBERIANI

300 724 429 778 Versus
452 722 603 778 Platonis
626 724 669 778 ds
692 723 823 778 Graeco
845 723 883 778 ln
905 723 1066 783 Latinum

607 829 763 885 translati

203 946 408 1027 Omnipotens,
432 967 542 1008 annosa
565 947 625 1027 poli
649 966 737 1027 quem
762 950 889 1027 suspicit
911 955 999 1026 aetas,
1092 1007 1096 1016 ,

202 1037 297 1106 Quem
322 1037 376 1097 sub
400 1036 530 1098 millenis
554 1056 674 1116 semper
696 1029 856 1098 virtutibus
880 1055 973 1097 unum

203 1125 263 1186 Nec
287 1145 412 1187 numero
436 1129 593 1206 quisquam
616 1129 727 1205 poterit
750 1145 875 1206 pensare
898 1144 955 1186 nec
979 1143 1058 1204 aevo,

202 1214 288 1275 Nunc
312 1223 375 1276 esto
399 1216 514 1294 allatuS,
538 1217 564 1274 si
587 1235 645 1294 quo
670 1223 698 1276 te
721 1218 841 1276 nomine
866 1215 986 1294 dignum
1011 1223 1065 1294 est,

203 1304 266 1374 Quo
291 1322 376 1365 sacer
394 1307 500 1384 ignoto
525 1304 644 1384 gaudes,
669 1324 726 1384 quo
750 1307 878 1365 maxima
900 1303 989 1364 tellus
1194 1322 1206 1362 a

200 1393 339 1454 intremit
361 1401 392 1453 et
414 1396 524 1454 sistunt
547 1393 666 1472 rapidos
689 1413 762 1473 vaga
786 1393 883 1454 sidera
907 1411 1022 1453 cursus.

201 1481 247 1542 Tu
271 1482 360 1561 solus,
384 1491 416 1543 tu
440 1482 551 1543 multus
574 1485 655 1562 item,
679 1491 711 1543 tu
735 1485 850 1562 primus
874 1490 903 1542 et
926 1481 1004 1542 idem

201 1571 372 1632 Postremus
396 1571 571 1651 mediusque
596 1572 684 1633 simul
708 1571 870 1651 mundique
894 1579 1054 1650 superstes.

201 1659 275 1720 Nam
300 1662 363 1721 sine
387 1661 446 1721 fine
469 1663 514 1721 tui
537 1660 665 1721 labentia
690 1669 822 1740 tempora
845 1653 940 1722 mnis.

199 1749 283 1810 Altus
307 1749 343 1810 ab
367 1758 487 1810 aeterno
512 1758 628 1829 spectas
652 1752 715 1810 lara
737 1751 856 1811 turbine
881 1757 961 1810 certo
1178 1767 1205 1807 1⁰

199 1838 309 1900 Rerum
334 1840 392 1898 lata
417 1842 482 1918 rapi
504 1841 638 1918 vitasque
661 1839 805 1900 involvier
828 1858 898 1900 aevo

199 1929 295 2006 Atque
318 1930 429 1988 iterum
452 1928 578 1989 reduces
603 1948 710 2008 supera
734 1931 764 1988 iu
788 1946 918 1988 convexa
942 1929 1057 2007 referri,

199 2016 319 2077 Scilicet
342 2025 375 2077 ut
399 2017 508 2078 mundo
533 2017 642 2096 redeat,
667 2017 745 2097 quod
769 2018 913 2096 partubus
936 2010 1088 2078 †austrum

200 2105 369 2166 Perdiderit
392 2107 578 2184 relluumque
602 2110 711 2167 iterum
735 2125 789 2186 per
811 2114 946 2185 tempora
969 2107 1028 2167 [iat

198 2194 251 2272 Tu,
276 2194 424 2273 siquidem
446 2196 490 2255 fas
515 2204 561 2256 est
583 2199 613 2256 in
638 2203 729 2256 temet
751 2195 875 2256 tendere
899 2214 1021 2256 sensum
1176 2211 1202 2251 ra

197 2283 235 2343 Et
257 2287 388 2363 speciem
411 2291 556 2363 temptare
581 2303 703 2363 sacram,
727 2303 785 2363 qua
809 2284 906 2344 sidera
930 2287 1025 2362 cingis

196 2373 354 2433 Inmensus
377 2372 553 2451 longamque
578 2373 666 2434 simul
690 2373 897 2453 complecteris
921 2374 1062 2452 aethram,

196 2460 360 2523 Fulmineis
385 2463 484 2522 forsan
507 2462 610 2540 rapida
634 2462 689 2523 sub
712 2465 841 2542 imagine
864 2462 1015 2540 membris,

267 2649 336 2704 loo.
371 2652 424 2706 Est
442 2651 473 2704 in
490 2653 526 2717 R,
545 2652 577 2704 e'n
596 2652 728 2706 Parisino
746 2654 795 2719 (P)
816 2657 885 2706 2772
904 2669 925 2706 s.
941 2652 1063 2718 X-XI,
1082 2669 1159 2720 quem

196 2723 308 2788 contadi,
338 2722 429 2776 Paris.
450 2727 520 2775 4883
539 2724 567 2776 A
586 2739 619 2776 en
637 2723 665 2776 R
683 2723 816 2791 descripto
845 2724 889 2792 (ef.
909 2725 946 2777 ad
965 2725 1037 2792 488),
1066 2725 1158 2778 Paris.

197 2798 283 2845 11160
301 2810 323 2847 s.
339 2794 413 2859 XII,
437 2793 640 2848 Vindobonense'
655 2799 705 2847 143
724 2811 745 2848 s.
761 2795 851 2861 XIII,
870 2812 903 2848 en
922 2811 974 2864 qno
988 2796 1098 2862 precans
1116 2795 1158 2851 ed.

196 2865 239 2918 M.
259 2865 360 2932 Haupt
379 2869 456 2918 1838.
494 2866 640 2919 Adnotatu
659 2865 687 2918 R
709 2872 734 2919 et
757 2867 789 2920 P.
845 2865 948 2918 Versus
971 2865 1098 2919 Platonis
1123 2867 1158 2919 de

195 2935 231 2989 do
251 2936 287 3002 R,
306 2937 373 2990 Par.
389 2941 458 2990 4883
479 2938 513 2991 Α.
551 2936 654 2990 Versus
672 2936 799 2990 Platonis
822 2953 840 2990 a
863 2937 986 3006 quodam
1005 2936 1157 2990 Tiberiano

195 3006 230 3060 de
253 3022 336 3075 greco
355 3007 385 3060 in
404 3007 522 3062 latinum
547 3008 678 3061 translati
697 3009 735 3075 P;
758 3009 884 3063 similiter
906 3009 988 3062 Vind.
1063 3015 1158 3063 11111-

195 3077 265 3145 eipit
284 3079 312 3131 P
382 3078 544 3132 imellenis
564 3080 592 3132 P
626 3095 736 3148 semper
753 3097 803 3134 on.
824 3081 852 3135 R
923 3078 1061 3134 deffectu
1080 3080 1108 3133 R

195 3154 210 3202 5
230 3149 306 3217 quod
326 3151 450 3203 maxima
469 3151 542 3214 libri,
560 3167 608 3204 en.
630 3151 782 3220 delectent.
861 3156 876 3203 6
895 3150 1044 3204 Intremuit
1063 3152 1091 3205 R

194 3222 387 3290 8snporestas
407 3223 435 3275 P
492 3227 525 3274 10
544 3223 674 3290 spectans
693 3222 765 3276 libri.
827 3228 857 3275 11
879 3221 955 3276 facta
973 3222 1001 3275 R
1062 3227 1094 3275 12
1112 3237 1157 3276 re-

193 3291 274 3358 ferre,
297 3293 345 3346 sed
362 3309 440 3358 com,
460 3293 487 3346 R
562 3299 594 3346 13
613 3293 742 3361 partibus
766 3294 830 3348 erere
864 3292 1025 3366 lllaustrum
1043 3295 1071 3349 R
1108 3293 1157 3346 ab·

194 3365 281 3416 strum
300 3365 329 3416 P
370 3363 507 3432 partubus
526 3363 625 3417 aethra
646 3365 678 3418 G.
693 3364 841 3418 Hermann
878 3381 978 3418 aevum
997 3366 1016 3418 a'.
1031 3382 1051 3419 e.
1071 3371 1156 3418 aeter-

193 3437 277 3501 nitas,
295 3436 397 3488 conieci
471 3441 503 3486 14
522 3437 649 3502 tempora
669 3436 697 3490 R
733 3451 849 3504 corpora
868 3438 897 3489 P
967 3441 999 3488 15
1019 3435 1058 3488 Te
1078 3437 1105 3490 R

195 3511 227 3558 16
248 3522 340 3559 saram
359 3507 388 3559 P
458 3505 612 3558 litteram
632 3508 669 3572 P3
689 3507 861 3575 interpunxit
875 3508 977 3562 Ze'ehen
1050 3512 1082 3560 18
1102 3506 1156 3560 ful-

193 3577 299 3630 mencis
327 3578 355 3630 P
398 3575 549 3630 fulmineus
577 3579 604 3632 R
648 3577 772 3647 imagine
793 3579 821 3632 P
859 3577 995 3647 fulgentis
1011 3621 1015 3630 .
1029 3619 1034 3632 .
1050 3577 1156 3631 Phoebi

194 3650 337 3703 Baehrens
