2594 3920
515 255 542 312 0.
558 262 631 323 486¹,
646 271 726 312 oe—aa
1060 255 1104 319 23

206 422 290 483 Tune
313 425 388 502 petit
411 423 490 482 hunc
514 421 626 500 orbem,
650 441 731 483 mors
754 422 806 482 ubi
830 441 920 502 regna
944 430 1034 484 tenet.

48 527 51 534 ·
96 524 123 564 ⁶⁶
138 511 246 590 Dirigit
268 514 299 572 in
325 512 441 591 Syriam
464 511 578 572 celeres
601 511 743 590 longaeva
765 512 889 590 volatus,

205 601 370 662 Phoenices
394 619 503 662 nomen
528 603 577 661 cui
601 599 683 661 dedit
706 603 770 680 ipsa
794 610 888 679 veura,

138 690 336 769 Secretosque
360 692 436 769 petit
459 689 576 750 deserta
600 707 654 768 per
677 692 741 750 avia
764 690 856 768 13333,

205 778 308 840 Sicubi
330 798 385 858 per
408 779 501 840 saltus
525 779 598 838 silva
622 785 735 839 remota
758 779 838 840 latet

137 867 213 928 'l'urn
237 867 309 947 legit
332 870 413 928 aerio
438 867 596 928 sublimem
619 869 731 928 vertice
754 868 892 947 palmam,

96 970 123 1010 to
205 956 287 1028 Quae
311 955 431 1018 Graium
455 957 583 1036 phoenix
608 975 643 1016 ex
668 975 720 1017 ave
742 973 853 1018 nomen
876 958 973 1036 hahet,

137 1045 170 1105 ln
195 1064 283 1125 quarn
307 1046 388 1106 nulla
411 1064 524 1106 nocens
548 1047 683 1106 animans
706 1063 868 1125 prorepere
892 1050 995 1126 possit,

204 1134 352 1195 Lubricus
376 1144 426 1196 aut
450 1153 575 1214 serpens
599 1143 649 1195 aut
673 1137 735 1195 aris
758 1134 817 1195 3113
842 1154 940 1214 rapax.

136 1223 213 1284 ium
237 1231 348 1284 ventos¹
365 1223 476 1284 claudit
499 1222 699 1303 pendentibus
722 1223 831 1285 Aeolus
855 1228 958 1304 antris,

203 1311 247 1373 Ne
271 1312 382 1374 violent
405 1313 506 1374 llabris
530 1319 598 1373 adra
621 1329 807 1393 purpureum

96 1414 122 1455 u
137 1400 203 1463 Neu
227 1411 365 1463 concreta
388 1409 458 1462 noto
482 1400 577 1464 nubes
601 1420 655 1480 per
677 1404 777 1462 inania
802 1401 876 1462 caeli

140 1515 143 1520 ¹
205 1490 384 1552 Submoveat
407 1490 505 1552 radios
530 1491 600 1551 solis
624 1499 653 1551 et
677 1491 755 1552 obsit
778 1493 832 1551 avi.

137 1579 290 1641 Construit
313 1580 383 1640 inde
407 1579 465 1641 sibi
488 1598 540 1641 seu
565 1579 669 1640 nidum
693 1582 755 1642 sive
779 1581 985 1662 sepulchrnm3

204 1667 278 1729 Nam
301 1672 388 1748 perit,
411 1676 445 1730 ut
468 1671 558 1730 rivet:
582 1687 614 1730 se
638 1678 738 1730 tamen
762 1671 827 1749 ipsa
850 1678 939 1730 creat.

137 1757 256 1836 Colligit
277 1759 348 1818 hinc
372 1777 460 1819 sucos
484 1766 515 1818 et
537 1757 644 1819 odores
668 1757 758 1819 divite
782 1758 864 1836 siba,

95 1861 122 1900 8⁰
204 1845 284 1918 Quos
306 1847 379 1926 legit
400 1847 547 1927 Assyrius,
570 1865 645 1926 quos
669 1847 827 1926 opulentus
851 1848 952 1927 draps,

136 1934 216 2006 'Quos
241 1944 291 1998 aut
313 1936 475 2016 Pygmaeae
499 1944 603 2015 gentes
627 1942 679 1997 aut
701 1935 785 1996 lndia
808 1939 904 2016 carpit

202 2025 260 2087 Aut
281 2025 364 2086 molli
387 2033 513 2104 generat
532 2033 612 2086 terra
636 2024 749 2086 Sabaea
772 2027 849 2086 sinu.

136 2112 300 2175 Cinnamon
323 2115 373 2175 hic
398 2133 559 2195 auramque
582 2113 687 2194 procul
711 2116 853 2193 spirantis
877 2118 985 2176 amomi

203 2203 345 2283 Congerit
367 2211 397 2264 et
419 2206 511 2287 mixto
535 2203 666 2264 balsama
689 2222 757 2264 cum
781 2204 864 2265 lolio:

94 2306 121 2346 aa
136 2290 201 2358 Non
225 2295 321 2354 casiae
345 2295 433 2354 mites
456 2311 513 2353 nec
536 2292 645 2353 olentis
667 2294 765 2353 vimen
789 2293 907 2354 acanthi

206 2501 320 2554 641313
340 2501 366 2554 L
407 2517 472 2554 mox
491 2500 569 2553 libri:
591 2516 665 2553 mor·
685 2517 702 2559 ς
720 2500 780 2554 cdd.
872 2507 906 2554 66
927 2501 1098 2555 ‘Fortunati'

135 2572 213 2639 opud
234 2572 373 2640 Miconem
395 2588 419 2625 o.
436 2577 507 2628 164,
542 2570 690 2625 Phoenicia
709 2572 737 2625 P
788 2571 898 2625 foenicc
922 2574 949 2627 V
999 2572 1104 2626 fenicis

136 2643 223 2708 Miro,
241 2643 268 2697 L
304 2645 406 2696 333133
424 2644 452 2696 P
486 2643 614 2696 33133133
638 2642 689 2696 VL
748 2643 881 2697 6713333
906 2645 933 2698 V
988 2649 1021 2697 68
1041 2660 1098 2698 333-

134 2714 181 2766 133
203 2714 250 2767 ced
275 2731 344 2769 corr.
370 2714 410 2768 V¹
500 2720 534 2767 66
553 2711 623 2766 Cum
641 2717 669 2769 P
704 2729 785 2768 aereo
810 2715 837 2768 V
868 2715 976 2768 uertice
999 2715 1025 2767 V

136 2789 169 2836 to
188 2784 299 2854 graium
320 2785 354 2852 P,
372 2785 507 2839 Heinaiuu
543 2787 656 2854 gratum
679 2786 729 2840 VL
765 2784 860 2839 foenix
884 2786 909 2838 V
942 2785 1020 2840 fenix
1038 2787 1065 2841 L

134 2853 283 2910 habuitP
390 2862 422 2910 71
441 2855 474 2909 Id
493 2856 522 2910 P
546 2855 572 2909 11
591 2857 618 2910 V
650 2873 706 2924 qua
731 2858 756 2912 V
790 2855 826 2910 Et
844 2873 902 2926 qua
921 2875 950 2926 ς,
980 2858 1063 2913 Goetr

134 2943 284 2996 prorepere
309 2929 337 2981 P
376 2926 519 2996 proripere
548 2929 575 2982 V
615 2943 798 2998 prorumpere
821 2930 848 2983 L
939 2930 1098 2984 76333133

134 3000 163 3052 P
197 2999 332 3053 claudent
355 2999 379 3051 V
414 2998 584 3068 pandentib3
613 2999 639 3051 V
673 2997 751 3052 33133
775 3001 802 3054 P
874 3000 1014 3054 74131313
1040 3004 1066 3057 V

134 3074 291 3138 pdporeum
314 3070 343 3124 P
376 3085 545 3138 purpereum
570 3071 595 3124 V
683 3075 716 3124 76
735 3073 869 3139 congreto
894 3072 919 3124 V
954 3075 1021 3127 noto
1045 3076 1073 3128 P

133 3139 348 3208 3311313371
418 3145 451 3194 76
469 3141 563 3195 radios
582 3143 610 3196 P
643 3142 740 3196 radius
759 3142 785 3195 L
822 3142 897 3196 obsit
925 3160 941 3202 ς
977 3143 1054 3198 bosit
1071 3147 1100 3199 P

169 3212 242 3265 ussit
266 3213 320 3268 VL
395 3217 427 3265 77
447 3209 611 3281 sepulohum
631 3213 658 3266 P
729 3218 762 3267 78
783 3214 832 3268 aed
850 3216 947 3268 tamen
971 3215 1025 3269 VL

136 3285 169 3334 79
188 3283 282 3337 odoris
298 3284 327 3338 P
380 3288 414 3336 80
434 3283 583 3350 opolentus
603 3285 629 3338 V
652 3284 743 3338 Arabs
758 3285 817 3340 edd.
892 3291 924 3339 81
944 3285 1057 3358 pigmeg
1072 3289 1101 3342 P

134 3389 264 3457 pigmaea
292 3389 316 3444 V
359 3369 474 3458 pignfae
493 3391 520 3444 L
599 3395 632 3443 82
651 3391 743 3444 mollit
762 3393 790 3445 P
833 3409 847 3445 s
875 3391 911 3446 ab
939 3407 973 3445 ea
1000 3394 1029 3446 P

135 3463 169 3512 83
196 3460 235 3514 eie
263 3460 291 3513 P
344 3459 529 3515 cinnamomi
563 3461 589 3514 V
631 3460 822 3530 Gynnamoum
851 3464 878 3518 L
931 3463 998 3518 hinc
1026 3481 1043 3523 ς

135 3567 291 3693 3333133113
305 3569 345 3694 LL
419 3574 453 3622 86
472 3583 572 3622 333333
591 3569 620 3621 P
653 3567 736 3622 mites
756 3569 783 3622 P
809 3569 858 3622 -tis
885 3570 935 3624 VL
972 3535 1050 3624 uchbi
1073 3571 1099 3623 V

170 3654 203 3691 33
224 3654 285 3692 ani
