<?xml version="1.0" encoding="UTF-8"?>
<!DOCTYPE html PUBLIC "-//W3C//DTD XHTML 1.0 Transitional//EN"
    "http://www.w3.org/TR/xhtml1/DTD/xhtml1-transitional.dtd">
<html xmlns="http://www.w3.org/1999/xhtml" xml:lang="en" lang="en">
 <head>
  <title>
</title>
<meta http-equiv="Content-Type" content="text/html;charset=utf-8" />
  <meta name='ocr-system' content='tesseract 3.04.00' />
  <meta name='ocr-capabilities' content='ocr_page ocr_carea ocr_par ocr_line ocrx_word'/>
</head>
<body>
  <div class='ocr_page' id='page_1' title='image "./carminaincodici00riesgoog_0291.png"; bbox 0 0 2582 3924; ppageno 0'>
   <div class='ocr_carea' id='block_1_1' title="bbox 424 218 1106 290">
    <p class='ocr_par' dir='ltr' id='par_1_1' title="bbox 424 218 1106 290">
     <span class='ocr_line' id='line_1_1' title="bbox 424 218 1106 290; baseline -0.004 -13"><span class='ocrx_word' id='word_1_1' title='bbox 424 221 451 277; x_wconf 80' lang='lat' dir='ltr'>G.</span> <span class='ocrx_word' id='word_1_2' title='bbox 468 227 528 290; x_wconf 82' lang='lat'><strong>806,</strong></span> <span class='ocrx_word' id='word_1_3' title='bbox 542 236 631 276; x_wconf 75' lang='lat' dir='ltr'>u-sc.</span> <span class='ocrx_word' id='word_1_4' title='bbox 660 219 687 273; x_wconf 86' lang='lat' dir='ltr'>C.</span> <span class='ocrx_word' id='word_1_5' title='bbox 703 225 829 286; x_wconf 79' lang='lat' dir='ltr'>807‚1-r</span> <span class='ocrx_word' id='word_1_6' title='bbox 1042 218 1106 282; x_wconf 81' lang='lat'>281</span> 
     </span>
    </p>
   </div>
   <div class='ocr_carea' id='block_1_2' title="bbox 587 381 667 448">
    <p class='ocr_par' dir='ltr' id='par_1_2' title="bbox 587 381 667 448">
     <span class='ocr_line' id='line_1_2' title="bbox 587 381 667 448; baseline -0.025 0"><span class='ocrx_word' id='word_1_7' title='bbox 587 381 667 448; x_wconf 92' lang='lat' dir='ltr'>VIII</span> 
     </span>
    </p>
   </div>
   <div class='ocr_carea' id='block_1_3' title="bbox 103 492 1066 934">
    <p class='ocr_par' dir='ltr' id='par_1_3' title="bbox 147 492 978 575">
     <span class='ocr_line' id='line_1_3' title="bbox 147 492 978 575; baseline -0.006 -18"><span class='ocrx_word' id='word_1_8' title='bbox 147 494 220 558; x_wconf 75' lang='lat' dir='ltr'>‘lam</span> <span class='ocrx_word' id='word_1_9' title='bbox 245 515 335 575; x_wconf 89' lang='lat' dir='ltr'>super</span> <span class='ocrx_word' id='word_1_10' title='bbox 358 493 530 557; x_wconf 90' lang='lat' dir='ltr'>Herculeas&#39;</span> <span class='ocrx_word' id='word_1_11' title='bbox 556 513 614 574; x_wconf 91' lang='lat' dir='ltr'>quo</span> <span class='ocrx_word' id='word_1_12' title='bbox 638 495 721 573; x_wconf 82' lang='lat' dir='ltr'>fugit,</span> <span class='ocrx_word' id='word_1_13' title='bbox 746 492 866 553; x_wconf 89' lang='lat' dir='ltr'>denotat</span> <span class='ocrx_word' id='word_1_14' title='bbox 889 500 978 572; x_wconf 89' lang='lat' dir='ltr'>atque</span> 
     </span>
    </p>

    <p class='ocr_par' dir='ltr' id='par_1_4' title="bbox 103 581 1066 934">
     <span class='ocr_line' id='line_1_4' title="bbox 103 581 991 664; baseline -0.006 -17"><span class='ocrx_word' id='word_1_15' title='bbox 103 606 131 647; x_wconf 76' lang='lat' dir='ltr'>aa</span> <span class='ocrx_word' id='word_1_16' title='bbox 146 585 224 657; x_wconf 86' lang='lat' dir='ltr'>Quid</span> <span class='ocrx_word' id='word_1_17' title='bbox 249 585 323 646; x_wconf 82' lang='lat' dir='ltr'>dixit</span> <span class='ocrx_word' id='word_1_18' title='bbox 347 585 495 664; x_wconf 80' lang='lat' dir='ltr'>[Magnus]</span> <span class='ocrx_word' id='word_1_19' title='bbox 512 631 519 644; x_wconf 92' lang='lat'><strong>.</strong></span> <span class='ocrx_word' id='word_1_20' title='bbox 535 631 542 644; x_wconf 93' lang='lat'><strong>.</strong></span> <span class='ocrx_word' id='word_1_21' title='bbox 558 583 675 664; x_wconf 87' lang='lat' dir='ltr'>quande</span> <span class='ocrx_word' id='word_1_22' title='bbox 699 601 844 662; x_wconf 90' lang='lat' dir='ltr'>quaerere</span> <span class='ocrx_word' id='word_1_23' title='bbox 867 581 991 642; x_wconf 83' lang='lat' dir='ltr'>Parthus</span> 
     </span>
     <span class='ocr_line' id='line_1_5' title="bbox 147 671 880 749; baseline -0.005 -14"><span class='ocrx_word' id='word_1_24' title='bbox 147 674 315 736; x_wconf 86' lang='lat' dir='ltr'>Consuluit:</span> <span class='ocrx_word' id='word_1_25' title='bbox 340 675 392 735; x_wconf 93' lang='lat' dir='ltr'>sed</span> <span class='ocrx_word' id='word_1_26' title='bbox 416 693 498 736; x_wconf 91' lang='lat' dir='ltr'>cassa</span> <span class='ocrx_word' id='word_1_27' title='bbox 522 675 578 734; x_wconf 87' lang='lat' dir='ltr'>luit</span> <span class='ocrx_word' id='word_1_28' title='bbox 601 674 750 734; x_wconf 88' lang='lat' dir='ltr'>sententia</span> <span class='ocrx_word' id='word_1_29' title='bbox 772 671 880 749; x_wconf 81' lang='lat' dir='ltr'>Magni.</span> 
     </span>
     <span class='ocr_line' id='line_1_6' title="bbox 145 762 1066 843; baseline -0.004 -18"><span class='ocrx_word' id='word_1_30' title='bbox 145 764 277 843; x_wconf 82' lang='lat' dir='ltr'><strong>Parsque</strong></span> <span class='ocrx_word' id='word_1_31' title='bbox 302 762 432 824; x_wconf 91' lang='lat' dir='ltr'>secunda</span> <span class='ocrx_word' id='word_1_32' title='bbox 454 771 537 824; x_wconf 88' lang='lat' dir='ltr'>notat</span> <span class='ocrx_word' id='word_1_33' title='bbox 560 763 734 841; x_wconf 87' lang='lat' dir='ltr'>Pompeium</span> <span class='ocrx_word' id='word_1_34' title='bbox 758 769 854 822; x_wconf 90' lang='lat' dir='ltr'>morte</span> <span class='ocrx_word' id='word_1_35' title='bbox 877 769 1066 840; x_wconf 90' lang='lat' dir='ltr'>peremptum</span> 
     </span>
     <span class='ocr_line' id='line_1_7' title="bbox 145 850 979 934; baseline -0.004 -21"><span class='ocrx_word' id='word_1_36' title='bbox 145 852 282 934; x_wconf 83' lang='lat' dir='ltr'>Indigna3</span> <span class='ocrx_word' id='word_1_37' title='bbox 306 853 422 913; x_wconf 89' lang='lat' dir='ltr'>Phariis</span> <span class='ocrx_word' id='word_1_38' title='bbox 446 870 516 932; x_wconf 90' lang='lat' dir='ltr'>pars</span> <span class='ocrx_word' id='word_1_39' title='bbox 538 851 644 912; x_wconf 90' lang='lat' dir='ltr'>ultima</span> <span class='ocrx_word' id='word_1_40' title='bbox 668 850 774 930; x_wconf 78' lang='lat' dir='ltr'><strong>datque</strong></span> <span class='ocrx_word' id='word_1_41' title='bbox 798 850 979 928; x_wconf 90' lang='lat' dir='ltr'>sepulcrum.</span> 
     </span>
    </p>
   </div>
   <div class='ocr_carea' id='block_1_4' title="bbox 601 1007 650 1072">
    <p class='ocr_par' dir='ltr' id='par_1_5' title="bbox 601 1007 650 1072">
     <span class='ocr_line' id='line_1_8' title="bbox 601 1007 650 1072; baseline 0 0"><span class='ocrx_word' id='word_1_42' title='bbox 601 1007 650 1072; x_wconf 85' lang='lat' dir='ltr'>IX</span> 
     </span>
    </p>
   </div>
   <div class='ocr_carea' id='block_1_5' title="bbox 103 1116 974 1734">
    <p class='ocr_par' dir='ltr' id='par_1_6' title="bbox 147 1116 909 1199">
     <span class='ocr_line' id='line_1_9' title="bbox 147 1116 909 1199; baseline -0.001 -19"><span class='ocrx_word' id='word_1_43' title='bbox 147 1118 195 1180; x_wconf 81' lang='lat' dir='ltr'>‘At</span> <span class='ocrx_word' id='word_1_44' title='bbox 218 1138 277 1180; x_wconf 91' lang='lat' dir='ltr'>ncn</span> <span class='ocrx_word' id='word_1_45' title='bbox 301 1123 332 1180; x_wconf 94' lang='lat' dir='ltr'>in</span> <span class='ocrx_word' id='word_1_46' title='bbox 355 1116 473 1180; x_wconf 89' lang='lat' dir='ltr'>Pharia’</span> <span class='ocrx_word' id='word_1_47' title='bbox 498 1118 579 1198; x_wconf 75' lang='lat' dir='ltr'>dicit,</span> <span class='ocrx_word' id='word_1_48' title='bbox 603 1118 682 1199; x_wconf 89' lang='lat' dir='ltr'>quod</span> <span class='ocrx_word' id='word_1_49' title='bbox 704 1119 781 1180; x_wconf 90' lang='lat' dir='ltr'>bella</span> <span class='ocrx_word' id='word_1_50' title='bbox 804 1119 909 1180; x_wconf 84' lang='lat' dir='ltr'>Catoni</span> 
     </span>
    </p>

    <p class='ocr_par' dir='ltr' id='par_1_7' title="bbox 103 1207 974 1644">
     <span class='ocr_line' id='line_1_10' title="bbox 103 1207 974 1288; baseline 0 -20"><span class='ocrx_word' id='word_1_51' title='bbox 103 1229 131 1268; x_wconf 85' lang='lat'>50</span> <span class='ocrx_word' id='word_1_52' title='bbox 147 1209 298 1270; x_wconf 78' lang='lat' dir='ltr'>Libertate</span> <span class='ocrx_word' id='word_1_53' title='bbox 321 1209 448 1288; x_wconf 80' lang='lat' dir='ltr'>placent,</span> <span class='ocrx_word' id='word_1_54' title='bbox 472 1211 524 1288; x_wconf 93' lang='lat' dir='ltr'>qui</span> <span class='ocrx_word' id='word_1_55' title='bbox 547 1209 670 1270; x_wconf 83' lang='lat' dir='ltr'>Sextum</span> <span class='ocrx_word' id='word_1_56' title='bbox 694 1207 785 1269; x_wconf 89' lang='lat' dir='ltr'>multa</span> <span class='ocrx_word' id='word_1_57' title='bbox 810 1211 974 1269; x_wconf 87' lang='lat' dir='ltr'>minantem</span> 
     </span>
     <span class='ocr_line' id='line_1_11' title="bbox 146 1297 915 1378; baseline -0.001 -20"><span class='ocrx_word' id='word_1_58' title='bbox 146 1298 307 1378; x_wconf 77' lang='lat' dir='ltr'>Corripuit,</span> <span class='ocrx_word' id='word_1_59' title='bbox 330 1307 486 1377; x_wconf 84' lang='lat' dir='ltr'>postquam</span> <span class='ocrx_word' id='word_1_60' title='bbox 511 1300 598 1358; x_wconf 91' lang='lat' dir='ltr'>scivit</span> <span class='ocrx_word' id='word_1_61' title='bbox 622 1297 657 1358; x_wconf 93' lang='lat' dir='ltr'>de</span> <span class='ocrx_word' id='word_1_62' title='bbox 681 1298 786 1358; x_wconf 86' lang='lat' dir='ltr'>lunere</span> <span class='ocrx_word' id='word_1_63' title='bbox 809 1298 915 1376; x_wconf 82' lang='lat' dir='ltr'>Magni.</span> 
     </span>
     <span class='ocr_line' id='line_1_12' title="bbox 145 1386 885 1466; baseline -0.001 -19"><span class='ocrx_word' id='word_1_64' title='bbox 145 1387 245 1448; x_wconf 81' lang='lat' dir='ltr'>Altera</span> <span class='ocrx_word' id='word_1_65' title='bbox 268 1406 338 1466; x_wconf 92' lang='lat' dir='ltr'>pars</span> <span class='ocrx_word' id='word_1_66' title='bbox 361 1387 470 1448; x_wconf 88' lang='lat' dir='ltr'>multos</span> <span class='ocrx_word' id='word_1_67' title='bbox 494 1395 647 1466; x_wconf 86' lang='lat' dir='ltr'>correptus</span> <span class='ocrx_word' id='word_1_68' title='bbox 669 1405 742 1447; x_wconf 86' lang='lat' dir='ltr'>voce</span> <span class='ocrx_word' id='word_1_69' title='bbox 766 1386 885 1447; x_wconf 86' lang='lat' dir='ltr'>Catonis</span> 
     </span>
     <span class='ocr_line' id='line_1_13' title="bbox 145 1476 918 1555; baseline -0.001 -18"><span class='ocrx_word' id='word_1_70' title='bbox 145 1476 224 1537; x_wconf 81' lang='lat' dir='ltr'>Dicit</span> <span class='ocrx_word' id='word_1_71' title='bbox 246 1495 301 1555; x_wconf 91' lang='lat' dir='ltr'>per</span> <span class='ocrx_word' id='word_1_72' title='bbox 323 1476 425 1555; x_wconf 77' lang='lat' dir='ltr'>Syrtes</span> <span class='ocrx_word' id='word_1_73' title='bbox 449 1477 512 1537; x_wconf 88' lang='lat' dir='ltr'>lore</span> <span class='ocrx_word' id='word_1_74' title='bbox 535 1476 628 1536; x_wconf 90' lang='lat' dir='ltr'>multa</span> <span class='ocrx_word' id='word_1_75' title='bbox 650 1476 783 1555; x_wconf 91' lang='lat' dir='ltr'>pericula</span> <span class='ocrx_word' id='word_1_76' title='bbox 806 1494 918 1554; x_wconf 88' lang='lat' dir='ltr'>passos.</span> 
     </span>
     <span class='ocr_line' id='line_1_14' title="bbox 147 1564 914 1644; baseline 0.003 -20"><span class='ocrx_word' id='word_1_77' title='bbox 147 1565 247 1626; x_wconf 87' lang='lat' dir='ltr'>Tertia</span> <span class='ocrx_word' id='word_1_78' title='bbox 271 1564 350 1644; x_wconf 87' lang='lat' dir='ltr'>qued</span> <span class='ocrx_word' id='word_1_79' title='bbox 375 1565 483 1626; x_wconf 83' lang='lat' dir='ltr'>Caesar</span> <span class='ocrx_word' id='word_1_80' title='bbox 506 1566 655 1627; x_wconf 89' lang='lat' dir='ltr'>simulavit</span> <span class='ocrx_word' id='word_1_81' title='bbox 677 1566 757 1626; x_wconf 86' lang='lat' dir='ltr'>lerre</span> <span class='ocrx_word' id='word_1_82' title='bbox 782 1565 914 1626; x_wconf 84' lang='lat' dir='ltr'>dolorem</span> 
     </span>
    </p>

    <p class='ocr_par' dir='ltr' id='par_1_8' title="bbox 103 1654 848 1734">
     <span class='ocr_line' id='line_1_15' title="bbox 103 1654 848 1734; baseline -0.001 -20"><span class='ocrx_word' id='word_1_83' title='bbox 103 1674 130 1714; x_wconf 74' lang='lat' dir='ltr'>aa</span> <span class='ocrx_word' id='word_1_84' title='bbox 145 1654 208 1716; x_wconf 88' lang='lat' dir='ltr'>Nec</span> <span class='ocrx_word' id='word_1_85' title='bbox 232 1655 326 1715; x_wconf 89' lang='lat' dir='ltr'>doluit</span> <span class='ocrx_word' id='word_1_86' title='bbox 349 1673 454 1715; x_wconf 83' lang='lat' dir='ltr'>saevus</span> <span class='ocrx_word' id='word_1_87' title='bbox 477 1657 581 1734; x_wconf 84' lang='lat' dir='ltr'>generi</span> <span class='ocrx_word' id='word_1_88' title='bbox 604 1657 720 1716; x_wconf 90' lang='lat' dir='ltr'>cervice</span> <span class='ocrx_word' id='word_1_89' title='bbox 744 1656 848 1715; x_wconf 91' lang='lat' dir='ltr'>recisa.</span> 
     </span>
    </p>
   </div>
   <div class='ocr_carea' id='block_1_6' title="bbox 609 1811 639 1875">
    <p class='ocr_par' dir='ltr' id='par_1_9' title="bbox 609 1811 639 1875">
     <span class='ocr_line' id='line_1_16' title="bbox 609 1811 639 1875; baseline 0 0"><span class='ocrx_word' id='word_1_90' title='bbox 609 1811 639 1875; x_wconf 93' lang='lat' dir='ltr'>X</span> 
     </span>
    </p>
   </div>
   <div class='ocr_carea' id='block_1_7' title="bbox 146 1919 985 2002">
    <p class='ocr_par' dir='ltr' id='par_1_10' title="bbox 146 1919 985 2002">
     <span class='ocr_line' id='line_1_17' title="bbox 146 1919 985 2002; baseline 0.001 -21"><span class='ocrx_word' id='word_1_91' title='bbox 146 1919 194 1982; x_wconf 80' lang='lat' dir='ltr'>‘vt</span> <span class='ocrx_word' id='word_1_92' title='bbox 217 1919 359 2001; x_wconf 87' lang='lat' dir='ltr'>primum&#39;</span> <span class='ocrx_word' id='word_1_93' title='bbox 383 1924 481 2002; x_wconf 88' lang='lat' dir='ltr'>primo</span> <span class='ocrx_word' id='word_1_94' title='bbox 504 1930 588 1983; x_wconf 90' lang='lat' dir='ltr'>notat</span> <span class='ocrx_word' id='word_1_95' title='bbox 608 1930 642 1984; x_wconf 86' lang='lat' dir='ltr'>ui</span> <span class='ocrx_word' id='word_1_96' title='bbox 664 1925 797 2002; x_wconf 81' lang='lat' dir='ltr'>perrexit</span> <span class='ocrx_word' id='word_1_97' title='bbox 820 1921 856 1982; x_wconf 89' lang='lat' dir='ltr'>ad</span> <span class='ocrx_word' id='word_1_98' title='bbox 879 1921 985 1983; x_wconf 88' lang='lat' dir='ltr'>urbem</span> 
     </span>
    </p>
   </div>
   <div class='ocr_carea' id='block_1_8' title="bbox 102 2011 1021 2359">
    <p class='ocr_par' dir='ltr' id='par_1_11' title="bbox 145 2011 887 2091">
     <span class='ocr_line' id='line_1_18' title="bbox 145 2011 887 2091; baseline 0.001 -20"><span class='ocrx_word' id='word_1_99' title='bbox 145 2014 270 2091; x_wconf 80' lang='lat' dir='ltr'>Aegypti</span> <span class='ocrx_word' id='word_1_100' title='bbox 294 2011 403 2072; x_wconf 85' lang='lat' dir='ltr'>Caesar</span> <span class='ocrx_word' id='word_1_101' title='bbox 426 2019 456 2071; x_wconf 90' lang='lat' dir='ltr'>et</span> <span class='ocrx_word' id='word_1_102' title='bbox 478 2019 512 2072; x_wconf 91' lang='lat' dir='ltr'>ut</span> <span class='ocrx_word' id='word_1_103' title='bbox 535 2020 581 2073; x_wconf 92' lang='lat' dir='ltr'>est</span> <span class='ocrx_word' id='word_1_104' title='bbox 604 2011 758 2091; x_wconf 81' lang='lat' dir='ltr'>Cleopatra</span> <span class='ocrx_word' id='word_1_105' title='bbox 782 2011 887 2072; x_wconf 85' lang='lat' dir='ltr'>locuta.</span> 
     </span>
    </p>

    <p class='ocr_par' dir='ltr' id='par_1_12' title="bbox 145 2099 880 2180">
     <span class='ocr_line' id='line_1_19' title="bbox 145 2099 880 2180; baseline 0 -20"><span class='ocrx_word' id='word_1_106' title='bbox 145 2099 184 2160; x_wconf 86' lang='lat' dir='ltr'>Ei</span> <span class='ocrx_word' id='word_1_107' title='bbox 208 2099 332 2180; x_wconf 86' lang='lat' dir='ltr'>dapibus</span> <span class='ocrx_word' id='word_1_108' title='bbox 355 2103 482 2180; x_wconf 89' lang='lat' dir='ltr'>sumptis</span> <span class='ocrx_word' id='word_1_109' title='bbox 505 2100 565 2161; x_wconf 90' lang='lat' dir='ltr'>Nili</span> <span class='ocrx_word' id='word_1_110' title='bbox 590 2100 766 2180; x_wconf 85' lang='lat' dir='ltr'>disquiritur</span> <span class='ocrx_word' id='word_1_111' title='bbox 789 2108 880 2161; x_wconf 85' lang='lat' dir='ltr'>crtus.</span> 
     </span>
    </p>

    <p class='ocr_par' dir='ltr' id='par_1_13' title="bbox 102 2188 1021 2359">
     <span class='ocr_line' id='line_1_20' title="bbox 146 2188 1021 2269; baseline -0.001 -19"><span class='ocrx_word' id='word_1_112' title='bbox 146 2190 279 2269; x_wconf 83' lang='lat' dir='ltr'>Parsque</span> <span class='ocrx_word' id='word_1_113' title='bbox 302 2188 433 2251; x_wconf 92' lang='lat' dir='ltr'>secunda</span> <span class='ocrx_word' id='word_1_114' title='bbox 457 2190 549 2250; x_wconf 85' lang='lat' dir='ltr'>refert</span> <span class='ocrx_word' id='word_1_115' title='bbox 571 2190 697 2251; x_wconf 78' lang='lat' dir='ltr'>famulos</span> <span class='ocrx_word' id='word_1_116' title='bbox 721 2192 772 2268; x_wconf 93' lang='lat' dir='ltr'>qui</span> <span class='ocrx_word' id='word_1_117' title='bbox 796 2190 853 2250; x_wconf 86' lang='lat' dir='ltr'>lata</span> <span class='ocrx_word' id='word_1_118' title='bbox 877 2189 1021 2268; x_wconf 91' lang='lat' dir='ltr'>parabant</span> 
     </span>
     <span class='ocr_line' id='line_1_21' title="bbox 102 2279 948 2359; baseline 0.001 -22"><span class='ocrx_word' id='word_1_119' title='bbox 102 2298 131 2338; x_wconf 80' lang='lat' dir='ltr'>aa</span> <span class='ocrx_word' id='word_1_120' title='bbox 145 2279 239 2340; x_wconf 91' lang='lat' dir='ltr'>Prava</span> <span class='ocrx_word' id='word_1_121' title='bbox 264 2279 332 2339; x_wconf 91' lang='lat' dir='ltr'>duci</span> <span class='ocrx_word' id='word_1_122' title='bbox 356 2297 457 2340; x_wconf 87' lang='lat' dir='ltr'>caesas</span> <span class='ocrx_word' id='word_1_123' title='bbox 482 2279 604 2340; x_wconf 88' lang='lat' dir='ltr'>adversa</span> <span class='ocrx_word' id='word_1_124' title='bbox 627 2279 814 2358; x_wconf 86' lang='lat' dir='ltr'>nefandaque</span> <span class='ocrx_word' id='word_1_125' title='bbox 836 2297 948 2359; x_wconf 91' lang='lat' dir='ltr'>passos.</span> 
     </span>
    </p>
   </div>
   <div class='ocr_carea' id='block_1_9' title="bbox 598 2559 1163 2634">
    <p class='ocr_par' dir='ltr' id='par_1_14' title="bbox 598 2559 1163 2634">
     <span class='ocr_line' id='line_1_22' title="bbox 598 2559 1163 2634; baseline -0.002 -11"><span class='ocrx_word' id='word_1_126' title='bbox 598 2559 661 2624; x_wconf 72' lang='lat'>807</span> <span class='ocrx_word' id='word_1_127' title='bbox 1008 2595 1035 2634; x_wconf 72' lang='grc' dir='ltr'>Β,</span> <span class='ocrx_word' id='word_1_128' title='bbox 1050 2595 1081 2633; x_wconf 73' lang='grc' dir='ltr'>Μ,</span> <span class='ocrx_word' id='word_1_129' title='bbox 1095 2594 1122 2633; x_wconf 82' lang='lat' dir='ltr'>a.</span> <span class='ocrx_word' id='word_1_130' title='bbox 1136 2615 1163 2622; x_wconf 91' lang='lat'>-</span> 
     </span>
    </p>
   </div>
   <div class='ocr_carea' id='block_1_10' title="bbox 145 2687 934 3036">
    <p class='ocr_par' dir='ltr' id='par_1_15' title="bbox 145 2687 926 2857">
     <span class='ocr_line' id='line_1_23' title="bbox 145 2687 926 2767; baseline 0.001 -19"><span class='ocrx_word' id='word_1_131' title='bbox 145 2688 191 2748; x_wconf 84' lang='lat' dir='ltr'>Ad</span> <span class='ocrx_word' id='word_1_132' title='bbox 214 2689 277 2749; x_wconf 86' lang='lat' dir='ltr'>lora</span> <span class='ocrx_word' id='word_1_133' title='bbox 300 2691 424 2767; x_wconf 80' lang='lat' dir='ltr'>picturis</span> <span class='ocrx_word' id='word_1_134' title='bbox 449 2687 518 2748; x_wconf 85' lang='lat' dir='ltr'>dunr</span> <span class='ocrx_word' id='word_1_135' title='bbox 541 2691 664 2749; x_wconf 88' lang='lat' dir='ltr'>numina</span> <span class='ocrx_word' id='word_1_136' title='bbox 687 2689 783 2766; x_wconf 83' lang='lat' dir='ltr'>lignea</span> <span class='ocrx_word' id='word_1_137' title='bbox 808 2696 926 2767; x_wconf 83' lang='lat' dir='ltr'>gestans</span> 
     </span>
     <span class='ocr_line' id='line_1_24' title="bbox 214 2776 860 2857; baseline 0 -20"><span class='ocrx_word' id='word_1_138' title='bbox 214 2777 399 2856; x_wconf 88' lang='lat' dir='ltr'>Venalesque</span> <span class='ocrx_word' id='word_1_139' title='bbox 424 2777 494 2838; x_wconf 88' lang='lat' dir='ltr'>deos</span> <span class='ocrx_word' id='word_1_140' title='bbox 517 2776 613 2838; x_wconf 92' lang='lat' dir='ltr'>tendit</span> <span class='ocrx_word' id='word_1_141' title='bbox 637 2777 746 2838; x_wconf 89' lang='lat' dir='ltr'>asellus</span> <span class='ocrx_word' id='word_1_142' title='bbox 768 2780 860 2857; x_wconf 79' lang='lat' dir='ltr'>iners,</span> 
     </span>
    </p>

    <p class='ocr_par' dir='ltr' id='par_1_16' title="bbox 146 2866 934 3036">
     <span class='ocr_line' id='line_1_25' title="bbox 146 2866 821 2945; baseline 0.001 -19"><span class='ocrx_word' id='word_1_143' title='bbox 146 2867 264 2928; x_wconf 89' lang='lat' dir='ltr'>Vertice</span> <span class='ocrx_word' id='word_1_144' title='bbox 289 2866 406 2928; x_wconf 90' lang='lat' dir='ltr'>detecto</span> <span class='ocrx_word' id='word_1_145' title='bbox 429 2867 476 2927; x_wconf 92' lang='lat' dir='ltr'>vel</span> <span class='ocrx_word' id='word_1_146' title='bbox 499 2866 576 2926; x_wconf 85' lang='lat' dir='ltr'>flexo</span> <span class='ocrx_word' id='word_1_147' title='bbox 598 2866 710 2945; x_wconf 89' lang='lat' dir='ltr'>poplite</span> <span class='ocrx_word' id='word_1_148' title='bbox 734 2867 821 2927; x_wconf 90' lang='lat' dir='ltr'>turba</span> 
     </span>
     <span class='ocr_line' id='line_1_26' title="bbox 215 2955 934 3036; baseline 0 -20"><span class='ocrx_word' id='word_1_149' title='bbox 215 2955 307 3017; x_wconf 84' lang='lat' dir='ltr'>Obvia</span> <span class='ocrx_word' id='word_1_150' title='bbox 330 2975 398 3017; x_wconf 89' lang='lat' dir='ltr'>cum</span> <span class='ocrx_word' id='word_1_151' title='bbox 421 2955 562 3036; x_wconf 91' lang='lat' dir='ltr'>precibus</span> <span class='ocrx_word' id='word_1_152' title='bbox 584 2958 708 3016; x_wconf 89' lang='lat' dir='ltr'>numina</span> <span class='ocrx_word' id='word_1_153' title='bbox 732 2963 832 3017; x_wconf 87' lang='lat' dir='ltr'>sancta</span> <span class='ocrx_word' id='word_1_154' title='bbox 857 2955 934 3016; x_wconf 90' lang='lat' dir='ltr'>colit.</span> 
     </span>
    </p>
   </div>
   <div class='ocr_carea' id='block_1_11' title="bbox 148 3144 1068 3286">
    <p class='ocr_par' dir='ltr' id='par_1_17' title="bbox 148 3144 1068 3286">
     <span class='ocr_line' id='line_1_27' title="bbox 219 3144 1068 3216; baseline 0.001 -17"><span class='ocrx_word' id='word_1_155' title='bbox 219 3151 253 3200; x_wconf 82' lang='lat'>45</span> <span class='ocrx_word' id='word_1_156' title='bbox 272 3145 393 3216; x_wconf 85' lang='lat' dir='ltr'>Magnus</span> <span class='ocrx_word' id='word_1_157' title='bbox 412 3146 574 3216; x_wconf 79' lang='lat' dir='ltr'>Burmann]</span> <span class='ocrx_word' id='word_1_158' title='bbox 593 3144 690 3198; x_wconf 85' lang='lat' dir='ltr'>multis</span> <span class='ocrx_word' id='word_1_159' title='bbox 709 3145 747 3213; x_wconf 86' lang='lat' dir='ltr'>qd</span> <span class='ocrx_word' id='word_1_160' title='bbox 769 3147 795 3199; x_wconf 89' lang='grc' dir='ltr'><em>Τ</em></span> <span class='ocrx_word' id='word_1_161' title='bbox 863 3151 897 3199; x_wconf 76' lang='lat'>53</span> <span class='ocrx_word' id='word_1_162' title='bbox 917 3145 1019 3199; x_wconf 84' lang='lat' dir='ltr'>sirthes</span> <span class='ocrx_word' id='word_1_163' title='bbox 1042 3148 1068 3200; x_wconf 92' lang='lat' dir='ltr'><em>T</em></span> 
     </span>
     <span class='ocr_line' id='line_1_28' title="bbox 148 3217 589 3286; baseline -0.002 -14"><span class='ocrx_word' id='word_1_164' title='bbox 148 3223 182 3272; x_wconf 76' lang='lat' dir='ltr'>te</span> <span class='ocrx_word' id='word_1_165' title='bbox 201 3217 241 3270; x_wconf 78' lang='lat' dir='ltr'>At</span> <span class='ocrx_word' id='word_1_166' title='bbox 257 3235 298 3286; x_wconf 87' lang='lat' dir='ltr'>pr.</span> <span class='ocrx_word' id='word_1_167' title='bbox 323 3219 348 3272; x_wconf 91' lang='lat' dir='ltr'><em>T</em></span> <span class='ocrx_word' id='word_1_168' title='bbox 416 3222 450 3271; x_wconf 81' lang='grc'>69</span> <span class='ocrx_word' id='word_1_169' title='bbox 470 3218 542 3272; x_wconf 82' lang='lat' dir='ltr'>feret</span> <span class='ocrx_word' id='word_1_170' title='bbox 564 3219 589 3271; x_wconf 92' lang='lat' dir='ltr'><em>T</em></span> 
     </span>
    </p>
   </div>
   <div class='ocr_carea' id='block_1_12' title="bbox 148 3274 1112 3679">
    <p class='ocr_par' dir='ltr' id='par_1_18' title="bbox 148 3274 1112 3679">
     <span class='ocr_line' id='line_1_29' title="bbox 847 3274 863 3312; baseline 0 0"><span class='ocrx_word' id='word_1_171' title='bbox 847 3274 863 3312; x_wconf 76' lang='grc' dir='ltr'><strong><em>ο</em></strong></span> 
     </span>
     <span class='ocr_line' id='line_1_30' title="bbox 220 3323 1111 3390; baseline 0 -12"><span class='ocrx_word' id='word_1_172' title='bbox 220 3324 289 3379; x_wconf 79' lang='grc'><strong>807.</strong></span> <span class='ocrx_word' id='word_1_173' title='bbox 328 3325 399 3380; x_wconf 88' lang='lat' dir='ltr'>V=</span> <span class='ocrx_word' id='word_1_174' title='bbox 417 3325 568 3380; x_wconf 79' lang='lat' dir='ltr'>Vaticanus</span> <span class='ocrx_word' id='word_1_175' title='bbox 582 3329 652 3378; x_wconf 83' lang='lat'><strong>6088</strong></span> <span class='ocrx_word' id='word_1_176' title='bbox 671 3340 692 3378; x_wconf 84' lang='lat' dir='ltr'>e.</span> <span class='ocrx_word' id='word_1_177' title='bbox 705 3324 756 3377; x_wconf 89' lang='lat' dir='ltr'>XI</span> <span class='ocrx_word' id='word_1_178' title='bbox 758 3323 785 3378; x_wconf 87' lang='lat' dir='ltr'><strong><em>V</em></strong></span> <span class='ocrx_word' id='word_1_179' title='bbox 793 3323 841 3390; x_wconf 80' lang='lat' dir='ltr'>fol.</span> <span class='ocrx_word' id='word_1_180' title='bbox 853 3329 895 3377; x_wconf 78' lang='lat'>82.</span> <span class='ocrx_word' id='word_1_181' title='bbox 912 3328 953 3377; x_wconf 82' lang='lat'>83.</span> <span class='ocrx_word' id='word_1_182' title='bbox 973 3324 1013 3378; x_wconf 81' lang='lat' dir='ltr'>ed.</span> <span class='ocrx_word' id='word_1_183' title='bbox 1027 3326 1111 3379; x_wconf 81' lang='lat' dir='ltr'>Ross-</span> 
     </span>
     <span class='ocr_line' id='line_1_31' title="bbox 148 3395 1112 3464; baseline -0.001 -13"><span class='ocrx_word' id='word_1_184' title='bbox 148 3397 224 3462; x_wconf 80' lang='lat' dir='ltr'>bach,</span> <span class='ocrx_word' id='word_1_185' title='bbox 243 3397 343 3451; x_wconf 79' lang='lat' dir='ltr'>Plritol.</span> <span class='ocrx_word' id='word_1_186' title='bbox 363 3401 406 3464; x_wconf 79' lang='lat'>54,</span> <span class='ocrx_word' id='word_1_187' title='bbox 422 3401 481 3450; x_wconf 82' lang='lat'>141.</span> <span class='ocrx_word' id='word_1_188' title='bbox 518 3396 627 3450; x_wconf 77' lang='lat' dir='ltr'>Auluni</span> <span class='ocrx_word' id='word_1_189' title='bbox 649 3402 736 3450; x_wconf 85' lang='lat' dir='ltr'>censet</span> <span class='ocrx_word' id='word_1_190' title='bbox 760 3395 908 3462; x_wconf 75' lang='lat' dir='ltr'>Rossbach,</span> <span class='ocrx_word' id='word_1_191' title='bbox 936 3397 1112 3464; x_wconf 69' lang='lat' dir='ltr'>antiquitatis</span> 
     </span>
     <span class='ocr_line' id='line_1_32' title="bbox 148 3466 1111 3535; baseline 0.001 -15"><span class='ocrx_word' id='word_1_192' title='bbox 148 3467 249 3522; x_wconf 81' lang='lat' dir='ltr'>dubiae</span> <span class='ocrx_word' id='word_1_193' title='bbox 278 3469 400 3523; x_wconf 83' lang='lat' dir='ltr'>Orueius.</span> <span class='ocrx_word' id='word_1_194' title='bbox 438 3468 558 3522; x_wconf 79' lang='lat' dir='ltr'>‘Vertiae</span> <span class='ocrx_word' id='word_1_195' title='bbox 586 3467 695 3521; x_wconf 82' lang='lat' dir='ltr'>detecto&#39;</span> <span class='ocrx_word' id='word_1_196' title='bbox 725 3466 841 3520; x_wconf 85' lang='lat' dir='ltr'>adorare</span> <span class='ocrx_word' id='word_1_197' title='bbox 860 3469 894 3535; x_wconf 87' lang='lat' dir='ltr'>(a.</span> <span class='ocrx_word' id='word_1_198' title='bbox 910 3469 936 3535; x_wconf 85' lang='lat'>3)</span> <span class='ocrx_word' id='word_1_199' title='bbox 963 3483 1055 3521; x_wconf 84' lang='lat' dir='ltr'>vereor</span> <span class='ocrx_word' id='word_1_200' title='bbox 1077 3485 1111 3521; x_wconf 85' lang='lat' dir='ltr'>ne</span> 
     </span>
     <span class='ocr_line' id='line_1_33' title="bbox 149 3538 1110 3607; baseline -0.002 -13"><span class='ocrx_word' id='word_1_201' title='bbox 149 3541 295 3606; x_wconf 75' lang='lat' dir='ltr'>antiquum</span> <span class='ocrx_word' id='word_1_202' title='bbox 312 3555 369 3593; x_wconf 91' lang='lat' dir='ltr'>nan</span> <span class='ocrx_word' id='word_1_203' title='bbox 387 3540 430 3594; x_wconf 79' lang='lat' dir='ltr'>sit.</span> <span class='ocrx_word' id='word_1_204' title='bbox 459 3540 493 3605; x_wconf 77' lang='lat' dir='ltr'>es.</span> <span class='ocrx_word' id='word_1_205' title='bbox 509 3545 535 3592; x_wconf 88' lang='lat' dir='ltr'>et</span> <span class='ocrx_word' id='word_1_206' title='bbox 552 3556 576 3592; x_wconf 87' lang='lat' dir='ltr'>a.</span> <span class='ocrx_word' id='word_1_207' title='bbox 593 3543 634 3591; x_wconf 83' lang='lat'>13.</span> <span class='ocrx_word' id='word_1_208' title='bbox 654 3569 689 3576; x_wconf 88' lang='lat'><em>-</em></span> <span class='ocrx_word' id='word_1_209' title='bbox 709 3539 798 3592; x_wconf 81' lang='lat' dir='ltr'>Alu&#39;ter</span> <span class='ocrx_word' id='word_1_210' title='bbox 816 3538 941 3607; x_wconf 80' lang='lat' dir='ltr'>Aesopus</span> <span class='ocrx_word' id='word_1_211' title='bbox 959 3538 999 3592; x_wconf 82' lang='lat' dir='ltr'>ed.</span> <span class='ocrx_word' id='word_1_212' title='bbox 1015 3539 1110 3592; x_wconf 87' lang='lat' dir='ltr'>Halm.</span> 
     </span>
     <span class='ocr_line' id='line_1_34' title="bbox 150 3608 867 3679; baseline 0.001 -16"><span class='ocrx_word' id='word_1_213' title='bbox 150 3615 214 3679; x_wconf 79' lang='lat'>3243</span> <span class='ocrx_word' id='word_1_214' title='bbox 235 3609 318 3663; x_wconf 78' lang='lat' dir='ltr'>324b.</span> <span class='ocrx_word' id='word_1_215' title='bbox 355 3611 480 3666; x_wconf 82' lang='lat' dir='ltr'>Rubrius</span> <span class='ocrx_word' id='word_1_216' title='bbox 499 3614 559 3664; x_wconf 78' lang='lat'><strong>129.</strong></span> <span class='ocrx_word' id='word_1_217' title='bbox 641 3615 665 3664; x_wconf 81' lang='lat'>2.</span> <span class='ocrx_word' id='word_1_218' title='bbox 685 3614 701 3662; x_wconf 79' lang='lat'><strong>5</strong></span> <span class='ocrx_word' id='word_1_219' title='bbox 721 3608 815 3664; x_wconf 88' lang='lat' dir='ltr'>inhers</span> <span class='ocrx_word' id='word_1_220' title='bbox 840 3610 867 3664; x_wconf 87' lang='lat' dir='ltr'><strong><em>V</em></strong></span> 
     </span>
    </p>
   </div>
   <div class='ocr_carea' id='block_1_13' title="bbox 0 0 1311 3924">
    <p class='ocr_par' dir='ltr' id='par_1_19' title="bbox 0 0 1311 3924">
     <span class='ocr_line' id='line_1_35' title="bbox 0 0 1311 3924; baseline 0 0"><span class='ocrx_word' id='word_1_221' title='bbox 0 0 1311 3924; x_wconf 95' lang='lat' dir='ltr'> </span> 
     </span>
    </p>
   </div>
  </div>
 </body>
</html>
