2582 3924
548 211 576 266 C.
593 217 729 280 thar—rs

249 379 357 440 Invitat
380 378 519 439 calamos:
543 380 686 456 imponite
710 377 826 439 lusibus
850 386 954 439 artem.

132 468 219 529 oTll.
251 468 387 528 Praemia
410 470 436 528 si
460 476 586 546 cessant,
609 469 682 528 artis
704 466 813 528 fiducia
837 475 918 528 muta
942 475 996 528 est.

159 557 215 618 LA.
251 556 311 617 Sed
333 565 465 617 nostram
489 556 595 618 durare
619 555 708 616 tidem
733 555 790 617 duo
814 558 938 635 pignora
962 563 1082 634 cogent:

249 645 301 706 Vel
325 664 415 724 caper
436 645 495 724 ille,
518 653 588 706 nota
610 646 739 706 Frontem
764 647 814 724 qui
838 647 972 724 pingitur
995 644 1069 725 alba,

248 735 300 795 Vel
323 735 396 795 levis
420 735 492 794 baec
517 744 547 795 et
569 734 728 795 mobilibus
753 734 935 795 circumdata
957 734 1047 795 bullis

249 823 371 903 Fistula,
395 823 543 884 silvicolae
566 842 674 885 munus
697 823 889 884 memorabile
913 823 1015 884 Fauni.

119 927 145 966 10
159 914 219 975 ΤΗ.
251 913 319 974 Sive
343 931 465 992 caprum
489 915 581 974 mavis
605 913 651 973 vel
674 912 768 973 Fauni
790 930 901 993 ponere
925 931 1043 991 munus,

249 1002 333 1081 Elige
356 1010 456 1063 utrum
479 1001 601 1082 perdas,
626 1009 656 1062 et
679 1004 744 1080 erit,
768 1010 850 1080 puto,
873 1004 985 1062 certius
1009 1019 1096 1063 omen

249 1091 374 1151 Fistula:
400 1090 535 1151 damnato
559 1093 618 1152 iam
641 1109 721 1152 nunc
743 1110 798 1170 pro
821 1093 945 1170 pignore
970 1100 1075 1152 certas.

160 1181 216 1242 LA.
250 1179 327 1251 Quid
350 1182 431 1241 iuvat
454 1182 568 1240 insanis
591 1179 690 1241 lucem
714 1199 889 1241 consumere
913 1177 1034 1241 verbis?

250 1269 360 1332 Iudicis
383 1289 399 1330 e
422 1272 536 1348 gremio
558 1271 681 1330 victoris
705 1269 799 1348 gloria
823 1277 933 1348 surgat.

119 1371 145 1412 1⁵
159 1359 219 1420 ΤΗ.
249 1358 362 1419 Praeda
384 1377 451 1419 mea
474 1367 528 1436 est,
552 1361 621 1437 quia
642 1357 801 1419 Caesareas
825 1377 873 1418 me
899 1358 998 1419 dicere
1021 1358 1124 1420 laudes

249 1448 332 1508 Mens
355 1447 451 1508 iubet:
474 1447 544 1508 huic
567 1465 687 1526 semper
711 1446 836 1508 debetur
859 1447 956 1526 palma
979 1447 1083 1508 labori.

160 1538 216 1599 LA.
249 1537 286 1598 Et
308 1555 356 1597 me
381 1536 497 1598 sidereo
520 1529 705 1616 †oorrumpit
728 1536 871 1616 Cynthius
895 1555 947 1597 ore

118 1639 145 1678 18
249 1626 469 1705 Laudatamque
493 1625 599 1705 chelyn
622 1628 709 1686 iussit
732 1629 847 1686 variare
872 1624 1014 1703 canendo,

118 1727 145 1768 2⁵
249 1714 388 1776 Carmine
412 1733 468 1776 ceu
490 1717 573 1794 virgo
597 1715 670 1776 l'urit
693 1722 722 1775 et
746 1717 826 1776 canit
848 1733 900 1775 ore
923 1723 1034 1775 coacto.

118 1817 144 1856 1⁹
158 1804 209 1865 Ml.
249 1805 367 1883 Pergite
391 1807 429 1884 io,
451 1807 547 1884 pueri,
572 1806 752 1884 promissum
776 1803 903 1864 reddere
927 1822 1056 1864 carmen.

116 1906 144 1946 2⁰
250 1893 299 1954 Sic
323 1913 373 1954 vos
396 1899 549 1954 cantantes
574 1893 647 1954 deus
671 1891 802 1954 adiuvet!
826 1892 938 1971 Incipe,
962 1891 1049 1970 Lada,

248 1982 294 2044 'Fu
317 1985 407 2062 prior,
431 1982 563 2044 alternus
586 1982 749 2062 Thamyras
772 1985 906 2061 imponet
927 1981 1092 2045 honorem..

158 2072 215 2133 LA.
247 2071 372 2132 Maxime
397 2071 531 2133 divorum
555 2071 688 2152 sesdque
712 2079 833 2132 aeterna
856 2078 999 2151 potestas,

250 2161 309 2221 Seu
332 2160 396 2239 tibi,
419 2160 546 2240 Phoebe,
569 2161 667 2239 placet
689 2168 837 2239 temptare
861 2160 1012 2240 loquentia
1036 2159 1085 2220 fila

117 2263 144 2302 ²4
248 2249 286 2310 Et
308 2250 438 2310 citharae
462 2249 589 2311 modulis
613 2249 777 2329 primordia
801 2252 924 2328 iungere
948 2248 1054 2310 mundi

117 2325 158 2414 ²⁶]
249 2332 320 2422 (Fas
343 2337 418 2400 mihi
436 2341 476 2398 sit
493 2337 603 2399 vidisse
623 2338 703 2418 deos,
721 2338 766 2398 fas
785 2337 912 2417 prodere
931 2331 1124 2420 'smundump

254 2475 345 2541 aLA,
383 2473 476 2541 6TH,
515 2479 547 2527 10
561 2473 618 2540 LA,
657 2479 688 2527 12
704 2473 755 2526 ΤΗ
783 2475 903 2530 Ribbeck
1011 2473 1125 2526 inulla

158 2549 202 2601 eei
221 2547 331 2617 Hapen.
369 2547 439 2601 ariis
465 2546 570 2612 fidncia
597 2552 636 2600 est
662 2563 710 2600 ars
736 2546 790 2599 sibi
816 2546 910 2612 ridens.
995 2547 1125 2597 ‘lnotnm

158 2662 184 2710 a
210 2653 305 2706 arcam
333 2653 371 2719 n,
402 2669 470 2707 cori.
499 2653 601 2723 napea
709 2615 803 2706 ,rep
821 2650 965 2705 nobilibus
989 2650 1020 2703 n

148 2767 173 2814 ’9
188 2741 297 2815 Fisidla
315 2761 347 2814 Ε
380 2776 481 2813 munus
500 2761 529 2814 et
547 2760 578 2813 Ε
612 2757 771 2812 venerabile
800 2759 944 2812 Baehrens
1027 2762 1058 2809 11
1081 2759 1125 2811 seb

157 2833 301 2887 Baelnens
319 2847 402 2886 omne
420 2831 455 2884 Ε.
493 2831 666 2898 interpertati
692 2831 834 2884 Baehrens
921 2835 953 2881 12
971 2829 1011 2883 sic
1040 2830 1123 2884 inter-

152 2905 257 2973 pnnni.
314 2902 387 2956 elam
413 2904 480 2955 nato
509 2902 540 2955 Ε
587 2902 683 2969 empta
710 2904 753 2955 esi
780 2902 811 2955 Ε
855 2903 946 2954 certas
978 2900 1079 2967 scripsi

158 2975 275 3044 dempta
312 2975 356 3028 ost
387 2974 517 3039 Sehmita,
549 2974 681 3041 prompta
714 2975 757 3026 est
789 2973 896 3041 Peiper.
1007 2976 1038 3024 17
1064 2987 1123 3024 cor-

244 3083 258 3109 ,v
466 3098 472 3110 ,
726 3097 732 3108 ,
927 3042 1050 3107 heinsius

157 3099 266 3168 rump1i
284 3098 321 3165 E,
347 3100 488 3152 concussit
502 3104 571 3167 pato
608 3099 747 3166 percussit
770 3097 872 3167 Hapen
944 3099 1048 3150 tincms
1067 3097 1098 3151 Ε

159 3174 193 3222 18
213 3168 287 3223 celin
306 3170 336 3224 Ε
408 3175 441 3222 25
458 3177 521 3238 post
535 3174 569 3222 18
588 3169 748 3237 transposui
784 3165 914 3222 Carmine
933 3184 984 3222 ceu
1004 3168 1123 3223 Ribbeck

160 3239 339 3294 Carminibus
358 3242 394 3295 Ε.
426 3241 461 3307 ef.
486 3241 563 3310 Verp.
588 3240 657 3295 Aen.
675 3241 718 3294 VI
738 3243 851 3292 7‘1-80.
889 3240 1022 3294 Lucanas
1049 3240 1125 3294 carie

157 3319 277 3367 staterere
294 3329 417 3366 aersnsae
435 3319 624 3381 transposuere
643 3311 722 3366 docti.
798 3316 829 3364 21
849 3309 967 3364 alternis
987 3310 1089 3380 Hapen

158 3385 286 3451 tamyras
313 3383 435 3452 imponit
459 3384 489 3436 Ε
524 3384 586 3435 -uei
604 3382 746 3437 Baehrens
818 3387 853 3434 22
873 3381 945 3435 caeli
969 3381 1072 3452 Hapen

159 3454 246 3525 ceteri
266 3456 297 3509 Ε
350 3459 383 3507 23
401 3456 522 3508 temtans
537 3455 635 3522 Peiper
672 3452 788 3506 emicare
808 3453 838 3507 Ε
891 3459 925 3506 24
945 3452 1032 3506 citare
1051 3453 1082 3506 Ε

160 3530 194 3577 23
211 3525 264 3578 ΤΗ
282 3533 308 3581 et
330 3531 364 3579 26
382 3526 431 3579 LA
449 3526 486 3592 Ε,
505 3526 555 3579 del.
576 3528 676 3595 Hapen
748 3527 781 3576 26
801 3541 868 3578 nnn
886 3523 1000 3579 divum?
1019 3522 1124 3576 mundo

160 3598 263 3668 Hapen

858 3683 910 3737 14*
