2582 3924
511 189 539 244 O.
559 195 620 258 808,
635 205 741 245 eea—soa

145 355 374 436 Virgineo[que]
397 358 494 416 nitent
517 365 616 435 gratae
642 357 678 417 de
701 357 774 418 llore
797 357 923 436 puellae.

146 445 233 507 Nulla
256 454 355 506 tamen
378 446 467 506 matri
490 443 621 506 similisl'
646 446 783 525 fatusque
807 465 950 507 coercens

89 557 130 597 545
144 536 277 596 Detorsit
300 535 396 595 fessos
420 542 502 596 artus
526 543 556 595 et
578 533 716 614 languida
740 535 881 596 membra.

213 623 308 703 Nunc,
331 643 348 684 ο
373 623 511 702 Calliope,
535 630 636 684 nostro
660 643 803 685 succurre
826 623 934 684 labori:

144 712 212 774 Non
234 731 356 792 possum
379 720 491 773 tantam
514 715 640 774 maciem
664 712 834 774 describere
858 713 948 792 solus,

144 802 191 863 'lu
214 805 274 862 nisi
298 802 349 862 das
373 803 488 861 animos
510 804 649 882 viresque
672 806 704 863 iu
728 805 859 863 carmina
883 801 991 864 lundis.

146 890 198 969 [Aa
220 890 312 970 quod]
337 890 493 969 mandasti,
517 893 576 951 iam
599 910 721 970 possum
745 910 929 971 expromere,
952 891 1044 952 Musa.

87 1001 129 1042 sao
144 980 253 1040 Tristis
276 980 451 1058 languentes
474 979 569 1058 pallor
590 980 763 1060 perfuderat
785 988 876 1058 artus,

143 1068 292 1148 Tempora
316 1069 461 1130 demersis
485 1071 565 1130 intus
589 1068 726 1130 cecidere
749 1069 871 1131 latebris

144 1158 183 1219 ltt
205 1158 309 1236 gracili
334 1157 469 1218 cecidere
493 1157 580 1218 modo
603 1177 659 1237 per
681 1161 818 1219 acumina
840 1177 938 1238 nares,

144 1247 277 1308 Concava
301 1246 464 1308 luminibus
486 1249 597 1307 macies
621 1247 801 1308 circumdata
825 1248 903 1308 sedit

144 1336 304 1416 Longaque
328 1342 476 1396 testantur
497 1338 608 1396 ieiunia
632 1339 746 1397 viscera
770 1337 855 1415 larue,

88 1449 129 1490 aaa
144 1425 235 1486 Arida
257 1425 361 1486 nudati
385 1424 559 1486 distendunt
580 1424 701 1486 brachia
724 1429 817 1506 nervi,

144 1514 257 1576 Ordine
282 1514 413 1592 digestae
437 1521 612 1594 consumpto
635 1517 765 1592 tegmine
789 1523 887 1576 costae

144 1603 286 1683 Prodnnt,
310 1603 456 1683 quidquid
478 1604 567 1663 homo
591 1610 636 1664 est
659 1604 706 1664 vel
724 1604 803 1684 quod
822 1604 919 1665 celare
939 1603 1106 1683 sepulchris

144 1693 224 1754 Mors
248 1701 363 1754 secreta
387 1692 470 1752 solet.
517 1694 589 1753 satis
612 1691 643 1753 id
666 1693 729 1772 tibi,
753 1712 839 1754 saeve
864 1691 999 1773 Cupido?

144 1783 268 1843 Materia
291 1790 337 1843 est
360 1783 418 1842 iam
443 1781 532 1860 nulla,
556 1791 640 1842 atrox
662 1781 715 1843 ubi
739 1782 856 1843 llamma
879 1790 1026 1843 moretur:

88 1895 129 1934 aco
143 1871 278 1950 lienique
303 1871 435 1932 defessos
459 1878 541 1931 artus
565 1888 599 1930 ac
622 1871 754 1931 membra
778 1871 875 1932 calore

144 1953 283 2022 '‘Molitur
306 1968 422 2040 gestare
446 2005 475 2020 ..
499 1962 655 2038 victusque
678 1953 829 2021 virorum†

145 2049 275 2111 Solvitur
297 2049 402 2110 infelix
424 2067 480 2128 per
502 2056 561 2109 tota
586 2048 695 2110 cubilia
718 2049 803 2110 lusus

143 2139 326 2218 Miratusque
350 2157 420 2199 suos
443 2146 525 2199 artus
548 2138 621 2198 baec
643 2137 733 2198 verba
756 2140 885 2198 remisit:

144 2225 236 2298 ‘Quid
259 2227 342 2307 dieis,
365 2225 497 2307 Paphie?
521 2227 651 2288 retulisti
673 2244 781 2306 nempe
804 2227 1003 2306 triumphum:

90 2339 130 2381 aaa
144 2317 188 2377 Ad
211 2325 322 2378 tantam
346 2319 472 2377 maciem
496 2316 680 2378 deducimur.
726 2316 800 2377 haec
823 2315 878 2377 tibi
901 2319 1003 2396 virtus,

144 2406 177 2467 Si
200 2406 254 2467 dea
277 2405 433 2466 mortalem
456 2408 586 2484 propriis
609 2407 796 2485 superaveris
819 2403 932 2467 armis?

145 2495 251 2574 Cerne,
274 2513 390 2575 precor,
413 2494 485 2574 quid
509 2513 590 2574 agas:
614 2494 741 2556 flammis
765 2495 896 2556 absumis
920 2503 949 2555 et
972 2513 1048 2572 ossa,

143 2584 224 2656 Quae
249 2602 368 2663 semper
391 2591 507 2644 servata
530 2587 618 2662 rogis.
665 2587 808 2645 miserere
832 2586 972 2663 rogantis,

215 2796 267 2844 248
286 2808 340 2858 que
368 2807 419 2845 om.
438 2792 475 2845 H
505 2794 604 2845 natent
621 2791 656 2844 H
689 2794 769 2862 grato
789 2793 829 2857 H,
856 2807 924 2845 corr.
950 2791 1033 2844 Nolte

143 2869 196 2917 244
214 2865 324 2916 coercet
342 2863 377 2917 H
449 2867 500 2916 245
519 2862 644 2917 Retorsit
662 2863 787 2917 defessos
806 2864 845 2927 H,
863 2880 910 2916 ern.
931 2863 1065 2932 Rossberg

143 2937 221 2988 otrus
240 2935 277 2988 H
344 2939 395 2986 246
415 2949 527 2987 sucum
546 2936 579 2989 H
650 2940 700 2987 245
719 2933 858 2986 metiendi
877 2932 998 2986 scribere
1017 2934 1053 2988 H

143 3010 194 3058 248
215 3005 255 3058 Ac
275 3004 319 3075 (A)
336 3005 442 3058 nitidas
457 3004 567 3058 animus
581 3006 668 3074 (mis)
683 3007 718 3060 H
768 3009 819 3058 249
838 3005 877 3057 At
895 3005 971 3072 quod
990 3005 1102 3060 addidi:

178 3075 220 3130 Tu
241 3076 264 3128 51
283 3077 366 3143 Ellis,
383 3075 493 3130 Iussisti
512 3078 547 3130 H
580 3093 689 3129 musam
707 3078 742 3131 H
811 3080 862 3129 250
881 3075 982 3129 Primis
1001 3077 1036 3129 H

143 3153 194 3201 251
215 3146 344 3202 dimersis
364 3149 397 3202 H
474 3147 648 3202 2541515551
668 3148 703 3202 H
735 3147 810 3201 fame
829 3147 923 3202 Hilter
995 3153 1046 3201 255
1065 3148 1105 3203 sic

141 3225 167 3273 et
185 3219 355 3272 discendunt
373 3220 408 3273 H
476 3223 527 3272 256
547 3219 658 3290 digesta
677 3221 712 3274 H
753 3218 889 3288 regimine
909 3218 1053 3288 (tegmine)
1072 3220 1109 3273 H

216 3296 267 3343 257
287 3289 343 3361 vel]
363 3292 392 3342 et
410 3292 445 3344 H
472 3297 535 3345 teste
554 3291 651 3345 Noltt'o
723 3295 774 3343 258
794 3288 899 3343 sufficit
917 3292 952 3344 H
984 3291 1053 3344 satis
1072 3290 1103 3342 id

143 3362 285 3416 Boelvreue
357 3366 408 3413 259
427 3361 547 3416 Materia
574 3361 632 3414 lam
655 3360 709 3431 (ia)
736 3361 796 3414 nlla
819 3361 858 3414 sit
885 3362 964 3414 atrox
983 3363 1018 3416 H

143 3437 195 3486 260
214 3434 233 3486 t.
248 3450 269 3487 e.
291 3433 379 3486 calore
406 3434 488 3502 atrati
514 3433 654 3487 destitutos
744 3437 794 3486 261
814 3431 944 3486 Mollitur
961 3433 1103 3488 Buebreua

143 3504 242 3572 nequit
269 3505 334 3558 add.
354 3504 425 3558 idem
515 3510 566 3557 262
587 3503 705 3557 Siluitur
724 3505 760 3558 H
791 3502 921 3557 Volvitur
949 3505 1031 3558 Nolte

143 3580 195 3628 264
213 3575 306 3644 pafiae
324 3577 361 3630 H
392 3575 513 3643 nempbe
531 3576 567 3630 H
608 3580 659 3627 266
679 3575 762 3628 deam
781 3576 814 3629 H
867 3580 919 3627 268
938 3574 1052 3644 roganti
1069 3575 1106 3628 H
