2586 3922
520 301 547 356 C.
563 307 705 355 noa-904
1028 299 1091 364 341

585 483 651 548 902
942 463 961 502 Β
973 461 1154 556 1111000Βο21-

134 612 192 673 Cor
215 631 274 672 non
299 612 385 673 laudo
409 613 553 673 hominis:
577 631 646 672 nam
669 610 817 691 perfidum
841 618 871 672 et
894 610 1021 671 exitiale.

200 701 266 761 Non
291 701 377 762 laudo
401 721 448 762 os:
472 720 601 780 namque
626 708 671 762 est
694 700 885 779 vaniloquum
909 707 939 759 et
962 699 1084 760 fatuum.

133 790 199 851 Non
223 791 338 852 oculos:
363 793 474 851 etenim
499 800 568 851 sunt
591 791 667 851 lusci
691 789 770 850 oculi
793 797 881 868 atque
904 795 1066 868 patrantes.

201 879 267 940 Nou
290 879 426 940 barbam:
451 880 516 941 ruia
541 887 594 940 est.
641 898 701 939 non
726 879 806 939 cilia:
830 877 909 938 haud
933 878 1009 937 cilia.

106 968 198 1028 eNon
222 969 296 1029 mihi
319 969 536 1048 laudenturque
560 987 680 1029 manus:
702 968 758 1028 hae
782 985 910 1046 namque
934 985 1066 1046 rapaces.

202 1057 239 1118 Et
264 1076 323 1117 non
347 1057 484 1126 laudatur
507 1056 651 1119 mentula:
675 1057 832 1118 merdacea
856 1064 910 1117 est.

133 1146 198 1207 Non
222 1155 321 1208 nates:
344 1147 470 1226 patulae.
518 1166 614 1226 genua
637 1154 667 1206 et
691 1165 749 1206 non
774 1145 875 1206 laudo:
899 1145 1036 1223 maligna.

200 1236 237 1296 Et
260 1255 320 1296 non
344 1235 430 1297 laudo
453 1235 558 1314 pedes:
582 1255 635 1315 pes
659 1237 857 1314 geminusque
882 1235 978 1313 fugax.

135 1325 199 1385 Non
224 1326 367 1385 frontem:
391 1325 503 1385 eiirons
526 1333 579 1386 est.
626 1344 685 1385 non
709 1332 858 1384 ventrem:
882 1322 1077 1403 gurgulionis,

94 1434 120 1473 ro
201 1413 345 1475 Lumbos:
369 1413 512 1474 elumbos
559 1432 675 1474 renem:
698 1412 881 1491 ubicumque
904 1412 1010 1472 malus.

134 1503 199 1563 Nou
223 1522 331 1563 nornen
352 1503 522 1564 Calvitoris:
545 1521 614 1563 nam
639 1511 685 1562 est
708 1504 806 1562 omine
831 1519 940 1562 nornen

203 1592 335 1670 Tetrum,
359 1600 393 1653 ut
417 1611 468 1652 cor
491 1592 593 1653 multis
618 1591 735 1652 exitiale
759 1591 854 1651 bonis.

134 1681 249 1760 Ecquid
272 1681 359 1742 lau'do
383 1683 475 1760 igitur
499 1681 535 1742 de
558 1681 614 1742 hoc
638 1677 785 1759 corpore?
809 1679 895 1741 laudo
920 1678 1051 1758 capillos,

202 1770 275 1832 Tam
299 1770 384 1830 ioeda
408 1789 424 1830 a
448 1770 528 1831 calva
552 1773 603 1850 qui
626 1769 713 1831 modo
738 1769 933 1849 profugerint

589 1961 653 2026 903

198 2084 266 2140 Vide
284 2101 359 2140 nunc
378 2085 463 2139 Areth.
484 2085 530 2138 lat.
550 2086 634 2153 epigr.
656 2088 724 2136 1522
740 2109 774 2129 --
792 2083 857 2138 011]
877 2083 946 2137 ΧΠ
962 2087 1039 2136 1122.

588 2264 654 2328 904
940 2261 966 2300 B.
975 2263 1000 2301 11
1008 2263 1053 2302 aee.
1071 2261 1157 2300 nam.

404 2388 436 2453 o.
460 2353 642 2454 nv'nnnn
665 2387 836 2454 aonvm
1032 2315 1156 2354 Nm

138 2518 297 2597 Cecropias
320 2526 433 2596 noctes,
458 2516 612 2577 doctorum
636 2516 771 2595 exempla
794 2505 936 2594 virorum,

203 2606 299 2686 Donat
321 2607 431 2690 habere
454 2607 528 2666 mihi
550 2605 659 2666 nobilis
683 2605 871 2666 Eustochius.

138 2697 221 2758 Vivat
245 2704 275 2756 et
298 2703 454 2756 aeternum
477 2695 572 2756 laetus
596 2695 673 2755 bona
696 2702 830 2773 tempora
855 2693 950 2770 ducat,

205 2785 263 2856 Qui
288 2786 332 2845 sic
356 2784 464 2845 dilecto
488 2791 569 2845 tanta
593 2784 724 2844 docenda
749 2782 839 2843 dedit.

139 2990 261 3042 coucam,
279 2973 403 3027 Francus
422 2972 452 3026 iu
472 2989 565 3039 causa,
584 2973 727 3026 idomenus
745 2975 810 3041 post
829 2988 955 3037 causam
981 2970 1103 3023 Francus

138 3046 239 3114 gravis,
272 3044 415 3098 110ωο000
447 3044 525 3110 levis,
558 3044 643 3098 Adrus
675 3043 842 3112 versipellis’
877 3043 980 3112 Hagen
1007 3057 1102 3111 progr.

141 3119 225 3173 nero.
246 3120 315 3170 1880
330 3133 360 3185 p.
377 3122 409 3169 12
429 3134 450 3170 c.
467 3121 517 3169 901
537 3133 605 3171 saec.
621 3115 702 3168 XVI
716 3115 836 3182 effictum
850 3120 942 3184 putot.

211 3222 280 3277 902.
313 3222 417 3276 Incerti
440 3225 468 3278 P
488 3241 517 3292 p.
535 3229 577 3276 67.
628 3223 676 3277 Ad
709 3222 838 3276 Coretum
871 3221 986 3277 Calvum
1016 3235 1104 3288 regem

141 3295 315 3350 Francorum
332 3300 452 3363 spectare
470 3295 558 3350 cisum
576 3299 614 3348 est
633 3295 750 3348 Loewio.
795 3292 814 3346 l.
830 3293 867 3363 0.]
886 3291 990 3346 luscosi
1009 3293 1105 3346 Loeoe

22 3417 23 3420 ,
89 3423 106 3442 ,
214 3372 329 3425 'lueres
355 3363 491 3420 Heinsius
560 3371 593 3419 10
613 3365 737 3420 elumbes
757 3365 892 3420 Heinsius
961 3369 992 3416 11
1014 3361 1103 3416 Calvi·
1197 3421 1200 3428 ¹

139 3436 208 3491 toris
227 3437 256 3490 P
291 3435 380 3491 Calvi:
400 3438 477 3506 turpi
496 3455 562 3490 uem
581 3439 684 3492 conieci
757 3443 789 3490 13
808 3436 862 3490 hoc
881 3433 1043 3490 delendum?

143 3515 175 3562 14
194 3508 277 3562 foedo
298 3526 314 3561 e
333 3507 412 3562 calvo
427 3515 497 3577 pcto

213 3613 284 3671 004.
317 3616 345 3669 Ρ
357 3634 387 3684 p.
404 3620 463 3668 126.
500 3616 568 3669 Post
588 3615 671 3670 Gellii
690 3616 790 3669 librum
806 3615 836 3668 X
852 3616 884 3667 ro
902 3614 979 3668 codd.
994 3613 1105 3683 quibos-

143 3689 206 3741 0001
226 3687 347 3741 inveniri
365 3693 479 3742 testatur
499 3686 663 3742 Gronovius.
736 3692 753 3739 4
771 3683 891 3739 fruenda
909 3684 1064 3740 Buecheler.
