2586 3922
217 162 283 227 352
458 159 486 214 c.
502 165 561 226 ere,
573 173 661 214 ie-rs.
681 157 708 214 c.
725 163 937 224 aee-931,1-2

429 321 510 386 Quod
529 319 606 384 utile,
626 319 741 374 inten'm
755 318 837 383 dat03

357 402 420 457 Neu
439 419 469 455 se
487 399 615 468 inquieta
633 400 736 454 mentis
755 397 896 454 excruciet
914 414 992 452 mora

429 481 564 536 Faetente
581 479 678 534 vineta
697 494 815 533 carcere.

666 660 730 724 929

159 770 381 866 {jnffmmu'
552 797 594 852 In
617 797 839 850 seneetutem.

213 911 299 966 Vtilis
318 926 347 965 es
365 909 446 976 nulli,
466 908 574 963 eunetis
594 907 714 978 ingrata,
735 909 875 961 senectus:

284 991 323 1045 Te
343 989 441 1060 Stygio
460 989 571 1058 peperit
590 1003 661 1041 cana
680 987 812 1057 Megaera
830 987 891 1041 deo.

211 1070 262 1124 Nil
280 1071 350 1125 adeo
369 1069 479 1123 firmum
498 1071 549 1136 est,
568 1069 644 1138 quod
662 1083 719 1121 non
735 1069 788 1120 tua
806 1067 906 1120 robora
925 1065 1071 1138 frangant:

283 1151 370 1204 Arma
388 1149 467 1203 stilos
487 1152 578 1203 cartas
597 1163 665 1202 saxa
683 1146 800 1201 metalla
819 1148 893 1201 deos.

212 1230 344 1285 Carmine
362 1229 451 1284 vivaci
469 1229 640 1285 membranis
658 1227 734 1282 illita
753 1244 835 1281 succo

282 1312 426 1364 Annorum
444 1309 516 1364 serie
534 1308 686 1363 debilitate
704 1307 817 1362 eadunt.

211 1391 277 1460 Ipsa
296 1390 366 1444 mihi
384 1407 494 1461 pugnas
513 1405 586 1458 quae
605 1391 717 1444 nectere
735 1387 813 1441 mille
832 1387 950 1455 solebat,

283 1471 423 1539 Aequales
443 1471 517 1524 inter
535 1469 659 1523 maxime
677 1469 754 1522 dicta
773 1485 846 1534 suas,

210 1549 373 1619 Numquam
392 1553 473 1606 sueta
491 1551 546 1604 nisi
565 1550 693 1620 iugulato
713 1549 811 1603 cedere
831 1546 866 1602 ab
885 1547 967 1603 hoste

280 1631 369 1700 Inque
386 1631 451 1685 imis
469 1633 573 1684 mortes
591 1645 725 1698 quaerere
743 1628 904 1694 visceribus,

209 1710 352 1781 Virgineis
370 1712 480 1766 ambita
498 1710 599 1778 choris,
619 1711 752 1764 adamate
770 1708 881 1780 puellis,

282 1791 427 1860 Quamque
445 1793 542 1847 hostes
561 1791 648 1845 etiam
667 1807 761 1844 earam
779 1789 903 1844 habuere
922 1788 974 1855 sui,

208 1871 262 1926 Illa
281 1874 368 1940 eaput
385 1889 497 1928 roseum
515 1870 626 1925 florenti
645 1871 760 1925 saudiee
779 1871 880 1937 cineta,

279 1952 428 2023 Languida
446 1951 574 2008 caeruleo
593 1950 721 2007 mentula
739 1951 813 2004 victa
832 1951 889 2004 situ
909 1952 960 2006 est.

654 2132 720 2198 930

551 2255 620 2310 Vide
637 2271 713 2309 uuae
730 2272 752 2310 e.
768 2258 827 2308 806.

152 2437 178 2474 Β.
184 2436 223 2475 m
229 2437 274 2476 106.
283 2435 314 2473 M,
320 2436 366 2475 920.

152 2491 178 2530 B.
193 2489 214 2529 V
227 2491 274 2529 414.
657 2453 720 2518 931

206 2575 343 2645 Tempore
362 2576 411 2643 qui
429 2575 504 2631 laeto
524 2578 627 2630 sortem
645 2576 769 2630 ridemus
788 2592 922 2642 amaram,

277 2655 360 2710 Certa
377 2655 456 2711 velut
474 2656 591 2710 stabiles
609 2674 665 2710 non
684 2657 738 2711 dea
756 2658 848 2712 verset
866 2673 961 2725 eques,

277 2839 309 2887 76
330 2833 400 2888 Caro
418 2836 463 2889 ael
481 2833 570 2888 Came
589 2835 702 2888 interim
721 2838 812 2890 terrae
832 2835 908 2903 date,
927 2835 969 2890 Ne
989 2837 1103 2892 Lebrsm

276 2941 345 2996 929.
377 2940 448 2995 lbid.
467 2941 583 2995 XXXVI
603 2945 634 2994 11
665 2942 708 2995 ‘in
730 2942 901 2996 membranis
919 2941 1015 2997 Iaeobi
1043 2944 1079 2998 de
1098 2943 1166 2999 Oee-

204 3011 283 3066 sollis
298 3012 466 3067 Scaehorum
480 3013 546 3068 ludo
567 3013 764 3082 subscriptum,
784 3031 847 3068 eum
860 3014 1004 3068 nonnullis
1020 3013 1167 3070 Germanis

202 3083 323 3152 rythmis
347 3084 477 3154 magistri
499 3084 635 3154 Fridangi
651 3128 656 3139 .
673 3127 678 3139 .
695 3086 713 3138 .'
735 3086 839 3140 ‘Medii
861 3085 931 3140 aevi'
952 3086 1095 3142 Baehrens

203 3161 219 3208 2
240 3171 312 3209 euna
332 3157 347 3209 b
464 3156 534 3223 def.
557 3157 603 3212 Oe.
623 3157 687 3222 fast.
708 3161 795 3223 5,132
816 3159 844 3210 et
863 3173 928 3210 saxo
947 3155 1033 3228 longa
1053 3162 1167 3214 senecta

202 3229 292 3350 neeess.
311 3258 347 3266 —
366 3227 445 3282 deos:
469 3229 580 3296 deorum
598 3229 748 3283 stabulaum
838 3233 854 3281 8
873 3227 1023 3296 Aequaleis
1042 3230 1058 3284 b

204 3304 236 3351 12
255 3315 270 3351 e
291 3301 404 3352 aramb

273 3403 342 3459 931.
368 3403 439 3458 Ibid.
450 3403 497 3457 XL
510 3409 541 3457 18
562 3403 674 3474 ‘Elegia
696 3404 796 3474 prisea,
816 3422 887 3474 quae
906 3406 936 3459 in
955 3405 1051 3460 codiee
1071 3405 1164 3462 Ovidii

200 3473 337 3529 librorum
365 3474 400 3528 de
427 3474 530 3542 Ponte,
558 3475 659 3529 ultima
685 3477 791 3546 pagina
820 3479 848 3530 et
871 3477 990 3530 dimidia
1017 3482 1164 3547 compacta

201 3545 304 3616 ligneis
322 3545 505 3599 munimentis
518 3546 663 3615 inscripta
683 3551 733 3602 est.
770 3548 841 3601 Eum
865 3548 991 3603 eodieem
1007 3589 1012 3602 .
1029 3592 1057 3603 ..
1078 3551 1163 3620 serip-
