2598 3922
509 195 537 250 C.
553 202 614 262 671,
629 211 710 251 ss-se

94 365 191 426 uHoc
215 363 365 444 quondam
389 366 419 423 in
444 382 529 424 sacro
552 371 667 424 tantum
691 366 797 424 mirata
819 363 941 424 Platone

129 453 278 514 Indicium
301 452 420 531 linguae
443 460 589 512 memorat
611 453 723 513 famosa
745 460 885 514 vetustas

130 543 181 604 Set
204 541 317 603 Natura
340 559 449 620 parens
472 560 638 621 properans
662 541 804 603 extollere
827 542 951 603 Romam

130 633 167 693 Et
190 632 274 692 Latio
300 630 382 691 dedit
404 631 469 708 hoc,
492 649 530 690 ne
555 631 627 710 quid
650 630 830 692 concederet
852 634 913 692 uni.

130 721 257 800 lusuper
279 719 327 779 his
352 722 476 798 genitor,
500 722 562 780 nati
587 719 657 780 dum
680 720 739 780 sata
762 723 898 800 requirit,

94 809 291 890 eoPopuleam
315 808 411 868 sterili
433 811 547 888 virgam
570 809 720 870 mandavit
742 809 881 888 harenae,

130 899 277 978 Tempore
302 916 377 977 quae
400 900 512 958 nutrita
534 898 627 974 brevi,
652 898 721 958 dum
745 901 854 960 crescit
877 901 907 959 in
931 917 1027 978 omen,

130 989 225 1049 Altior
247 989 371 1048 emicuit
395 989 521 1065 cunctis,
544 1006 618 1066 quas
641 994 765 1048 auxerat
788 996 877 1048 aetas,

131 1077 209 1138 Haec
233 1084 357 1156 propter
379 1075 490 1155 placuit
513 1094 641 1154 puerum
664 1079 849 1138 committere
872 1077 965 1138 Musis

120 1167 168 1243 iu
190 1173 358 1227 monstrare
381 1167 459 1225 viam
481 1167 614 1226 victurae
638 1169 669 1225 in
693 1165 811 1226 saecula
834 1168 937 1228 lamae.

95 1275 119 1316 u
133 1255 208 1316 Tum
232 1254 355 1315 Ballista
377 1254 483 1314 rudem
507 1254 608 1332 lingua
630 1255 777 1316 titubante
801 1263 955 1335 receptum

82 1385 86 1394 ·
132 1345 265 1405 Instituit
286 1345 411 1422 primus,
435 1362 524 1423 prem
548 1362 607 1403 nox
631 1343 764 1406 armabat
786 1347 818 1404 in
840 1344 956 1406 umbris

134 1433 269 1494 Grassari
292 1432 420 1493 solitum.
467 1435 581 1492 crimen
606 1431 741 1494 doctrina
763 1433 894 1515 tegebat3

132 1522 195 1583 Mox
221 1521 368 1601 patefacta
391 1523 448 1580 viri
470 1540 576 1601 pressa
599 1530 644 1583 est
667 1522 789 1583 audacia
813 1525 906 1584 saxis

133 1611 240 1672 Incidit
262 1609 382 1672 titulum
406 1613 531 1689 iuvenis,
555 1630 614 1691 quo
637 1613 761 1690 pignera
784 1615 859 1672 vatis

96 1721 120 1760 n
133 1699 241 1760 Edidit.
288 1700 429 1779 auspiciis
453 1701 571 1760 suffecit
593 1719 688 1779 poena
712 1703 854 1780 magistri.

135 1787 258 1866 [‘Monte
282 1789 337 1849 sub
360 1789 417 1848 hoc
439 1788 572 1869 lapidum
594 1792 706 1868 tegitur
728 1790 849 1850 Ballista
872 1789 1019 1870 sepultus3

199 1877 293 1938 Nocte
318 1877 365 1937 die
389 1885 487 1938 tutum
511 1896 599 1957 carpe
623 1881 717 1938 viator
740 1876 832 1957 iter.⁷]

135 1966 193 2028 Nos
217 1975 317 2027 tamen
340 1966 398 2026 hoc
419 1967 549 2046 hrevius,
573 1970 599 2027 si
621 1968 665 2028 fas
689 1967 830 2028 simulare
853 1968 1018 2030 Maronem:

136 2053 297 2116 ‘Ballistam
322 2074 376 2116 sua
398 2074 494 2134 poena
517 2059 604 2138 tegit3
627 2059 673 2116 via
697 2064 760 2117 tuta
783 2076 838 2136 per
860 2054 949 2118 oras.'

97 2175 121 2214 ῃ,
137 2143 217 2223 [iiie
240 2144 362 2205 Ballista
385 2147 474 2206 iacet:
499 2153 580 2206 certo
604 2145 679 2225 pede
702 2164 794 2225 perge
817 2145 946 2224 viator.']

137 2230 288 2312 [‘Carcere
311 2241 448 2294 montoso
471 2234 589 2295 clausus
612 2235 733 2295 Ballista
755 2242 887 2297 tenetur:

202 2323 307 2384 Securi
330 2323 444 2384 fraudis
466 2325 582 2402 pergite
606 2332 702 2402 nocte,
725 2321 816 2402 viri']

137 2408 239 2490 [‘Quid
262 2411 393 2491 trepidas
416 2412 536 2473 tandem
560 2431 665 2491 gressu
689 2415 847 2493 pavitante,
870 2412 986 2476 viator?

201 2500 387 2562 Nocturnum
411 2501 507 2562 furem
532 2521 638 2563 saxeus
661 2502 758 2563 imber
781 2501 903 2582 habet']

98 2617 123 2659 ⁸0
138 2587 301 2666 [Ballistae
324 2593 415 2650 vitam
439 2593 538 2670 rapuit
560 2590 644 2671 lapis,
663 2584 746 2670 †ipse
770 2592 941 2671 sepulcrum

201 2679 317 2760 lntulit3
340 2679 447 2741 umhra
470 2699 581 2740 nocens
604 2680 733 2759 pendula
756 2699 826 2741 saxa
848 2677 984 2758 tremit']

138 2763 295 2844 [‘Crimina
317 2768 441 2829 latronis
466 2769 640 2846 dignissima
663 2788 758 2849 poena
782 2778 912 2831 coercet:

161 2915 162 2920 ,
200 2857 347 2918 Duritiam
370 2860 480 2918 mentis
504 2858 623 2918 damnat
645 2858 757 2937 ubique
780 2855 890 2938 lapis']

138 2944 214 3010 Hinc
238 2945 349 3006 Culicis
372 2949 457 3006 tenui
479 2947 624 3026 praelusit
646 2947 752 3008 funera
774 2967 871 3009 versu.

207 3157 240 3206 55
261 3154 380 3206 condam
399 3155 427 3207 P
480 3159 513 3207 61
533 3157 615 3208 omne
634 3156 669 3222 P,
687 3171 755 3210 corr.
777 3156 881 3210 Tollius
936 3161 969 3210 66
988 3155 1105 3212 uallista

137 3223 165 3277 P
179 3241 214 3279 n.
228 3241 275 3296 pr.
358 3229 391 3278 69
410 3224 500 3278 Incidi
519 3226 548 3279 P
618 3231 651 3278 ⁷0
670 3226 797 3295 euspicio
814 3227 951 3281 Heinsius
986 3243 1061 3299 peno
1079 3229 1107 3282 P

199 3299 229 3348 ⁷1
241 3313 278 3364 squ
300 3295 342 3362 Cf.
362 3313 383 3350 c.
399 3300 450 3349 261
470 3301 496 3349 et
509 3297 640 3351 Donatus
654 3299 685 3350 e'n
699 3298 828 3354 Suetonio
842 3298 882 3352 ed.
899 3299 1105 3366 Reifferscheidu'

135 3381 163 3434 p.
179 3370 220 3420 58.
242 3371 356 3432 ‘ll—83,
376 3372 419 3433 86,
438 3372 472 3422 86
499 3369 568 3422 delet
586 3369 781 3436 Reifferscheid
798 3371 946 3424 conunn'nu
964 3371 1104 3430 uurmnune

209 3441 241 3490 73
262 3435 394 3492 simulare
414 3445 451 3493 est
469 3440 577 3494 inituri
599 3474 604 3481 -
650 3445 683 3492 74
702 3455 765 3494 oras
784 3440 906 3511 Scaliger
942 3457 1025 3494 auras
1044 3443 1072 3496 P

138 3522 204 3562 arva
218 3510 361 3564 Budaeus
442 3513 475 3562 ‘18
494 3512 606 3564 tantum
627 3511 793 3580 Oudendorp
874 3517 908 3564 82
928 3514 1061 3580 quoercct
1079 3514 1107 3567 P

209 3586 242 3634 83
263 3580 368 3634 elamat
391 3583 494 3636 conieci
565 3587 599 3634 84
617 3581 738 3650 prolusit
757 3583 892 3636 Heinsius
