2594 3920
189 173 227 227 VI
572 170 777 225 PRAEFATIO

188 342 277 418 plura
295 360 369 400 uum
387 339 494 399 addere
514 339 675 416 debuerim,
693 340 726 398 in
743 341 857 400 incerto
872 338 947 398 mihi
960 342 1013 400 est.
1050 339 1152 415 Atque
1263 336 1266 365 ⁴

191 449 258 489 cum
286 449 346 488 non
374 429 413 488 ad
444 448 535 488 unam
567 432 679 488 certam
708 448 843 488 normam
875 430 1017 488 constitui
1048 431 1153 504 possit,
1251 442 1253 451 ·

180 515 265 595 'quid
288 519 345 578 huo
370 518 497 594 quadret
521 517 594 593 quid
610 537 688 594 -non,
716 517 795 577 hunc
816 519 916 578 locum
942 521 1047 594 aptum
1068 520 1152 594 puto,

191 628 250 684 quo
273 608 346 667 haec
371 626 488 682 quoque
512 625 751 668 commemorem:

257 696 382 755 Carmen
406 695 445 754 de
469 699 657 755 senectute
686 696 909 756 aBaehrensio
931 696 1013 756 PLM
1036 696 1065 753 V
1085 699 1148 756 313

190 785 313 860 editum,
338 785 417 860 quod
439 787 476 843 ut
497 786 625 844 multum
649 785 740 844 habet
763 784 984 861 delectationiS,
1011 785 1056 845 ita
1080 784 1151 845 Ger·

188 893 311 933 manum
341 876 462 949 poetam
490 872 695 952 Carolingicae
723 874 755 932 ni
786 874 876 933 fallor
907 877 1016 934 aetatis
1048 878 1152 951 aperte

189 964 299 1040 prodit,
322 964 419 1022 omisi.
442 995 486 1004 —
509 962 620 1022 Versus
644 963 797 1022 cuiusdam
813 962 933 1023 Scotti
951 965 986 1022 dc
1000 963 1153 1038 ambubeia

190 1044 243 1133 (ib.
262 1053 291 1109 V
315 1043 395 1132 375)
417 1052 475 1110 huc
497 1054 621 1128 propter
643 1055 773 1110 aetatem
796 1071 856 1112 non
879 1054 1044 1128 pertinent3
1074 1053 1153 1128 quod

189 1161 250 1200 non
269 1160 538 1215 commemorarem,
557 1141 616 1200 nisi
630 1143 695 1200 arte
710 1143 741 1200 et
759 1141 888 1200 dictione
902 1161 995 1218 prope
1016 1140 1153 1202 abessent

191 1230 227 1289 ab
252 1231 430 1307 aenigmatis
454 1248 477 1288 c.
498 1231 560 1288 481
587 1230 679 1288 etiarn
701 1229 840 1290 vitiosius
864 1231 1046 1307 compositis,
1075 1249 1151 1306 quae

189 1319 357 1378 omittenda
386 1337 446 1378 non
474 1321 559 1378 eraut
587 1319 666 1393 quod
699 1319 891 1394 antiquitatis
923 1321 1074 1396 vergentis
1099 1313 1152 1400 (ad
1267 1360 1269 1397 ἱ

190 1428 280 1484 quam
303 1405 455 1483 „Tullius“
488 1413 591 1467 auctor
623 1426 658 1466 ea
690 1400 825 1488 revocat)
853 1427 956 1467 versus
989 1427 1052 1468 esse
1084 1427 1151 1484 pos-

190 1500 269 1556 sunt.
293 1529 337 1538 -
359 1496 519 1556 Licentii
542 1516 661 1556 carmen
679 1495 752 1556 satis
776 1497 915 1557 diffusum
935 1516 970 1554 ex
988 1497 1152 1574 Augustini
1267 1476 1269 1551 i

191 1586 322 1662 epistula
356 1588 406 1661 26,
438 1585 470 1643 in
502 1605 562 1662 qua
594 1585 626 1643 in
658 1583 689 1644 G.
714 1585 821 1662 Script.
849 1586 928 1645 Ecol.
954 1586 1080 1645 Vindob.
1102 1587 1153 1655 34,
1268 1604 1270 1625 ³

195 1677 309 1750 89sqq.
334 1677 429 1751 extat,
458 1693 613 1751 excerpere
636 1693 696 1734 non
724 1673 826 1750 debui,
850 1695 948 1750 neque
975 1692 1076 1734 versus
1099 1673 1153 1733 Si-

189 1765 313 1840 byllae
337 1756 459 1845 (Iudicii
482 1766 599 1842 signum
615 1808 621 1820 .
637 1756 658 1845 .)
681 1763 842 1822 abeodem
864 1764 909 1822 De
937 1765 1059 1824 civitate
1093 1763 1154 1826 Dei

192 1854 242 1929 18,
255 1856 295 1912 23
320 1856 374 1911 aut
396 1857 457 1912 tres
476 1871 578 1912 versus
601 1852 647 1911 De
667 1853 803 1912 doctrina
824 1853 923 1912 christ.
942 1853 990 1910 HI
1010 1856 1037 1928 7,
1054 1855 1093 1910 11
1115 1852 1152 1910 ab

191 1962 225 2001 eo
253 1941 380 2001 adlatos,
425 1943 505 2001 Nam
538 1961 640 2002 versus
674 1943 722 2000 vel
753 1942 886 2000 carmina
914 1962 932 2001 a
959 1941 1153 2017 scriptoribus

191 2030 293 2089 adlata
316 2031 348 2089 in
370 2033 542 2090 universum
564 2051 624 2089 non
648 2030 777 2090 afferam.

255 2119 321 2178 lam
344 2119 377 2177 in
405 2122 555 2196 apparatu
579 2120 631 2194 qui
659 2119 768 2178 dicitur
794 2120 899 2178 critico
931 2119 1046 2178 codices
1077 2119 1153 2177 mihi

191 2211 278 2269 notos
302 2211 475 2268 enumeravi
498 2201 555 2290 (ta
578 2211 679 2267 tamen
702 2211 736 2266 ut
760 2227 861 2268 eorum
885 2209 938 2284 qui
968 2208 1086 2267 saeculo
1109 2207 1153 2266 XI

190 2299 369 2358 recentiores
392 2300 464 2356 sunt
490 2297 656 2374 permultos
680 2300 784 2375 utpote
808 2297 928 2357 levioris
955 2297 1098 2357 momenti
1122 2301 1153 2356 et

190 2388 303 2462 passim
334 2387 530 2462 interpolatos
563 2379 753 2468 omitterem).
814 2385 947 2455 Quorum
979 2385 1154 2447 collationes

191 2476 295 2552 plenas
319 2477 483 2550 attulerim,
514 2475 657 2534 adnotavi
679 2476 727 2534 vel
754 2477 786 2533 in
813 2475 965 2534 Addendis
994 2474 1152 2534 adnotabo.

191 2565 270 2624 Nam
284 2567 319 2623 ut
340 2565 571 2642 orthographica
585 2567 616 2624 et
633 2564 740 2622 falsam
759 2562 916 2622 verborum
935 2565 1154 2638 separationem

193 2649 224 2712 in
248 2654 412 2730 plerisque,
435 2655 479 2712 ita
507 2654 666 2712 lectionem
694 2653 828 2712 codicum
856 2653 1038 2711 deteriorum
1065 2671 1154 2729 saepe

193 2733 317 2823 (vellem
340 2743 459 2820 saepius
483 2734 707 2822 etiam)'cmisi.
756 2741 814 2800 Our
837 2741 916 2798 enim
944 2741 1024 2800 nube
1051 2741 1153 2800 lectic-

191 2851 263 2889 num
300 2830 337 2889 ad
379 2851 483 2891 verum
518 2829 729 2891 inveniendum
772 2831 928 2888 inutilium
972 2833 1153 2906 apparatum

191 2919 447 2981 obmisinerem?
1273 2979 1274 3002 χ

259 3008 344 3078 Quod
362 3010 394 3067 in
417 3011 516 3086 priore
539 3011 624 3085 parte
643 3008 712 3067 libri
730 3008 818 3069 modo
842 3007 960 3066 nomine
978 3027 1044 3067 meo
1064 3007 1153 3066 modo
1273 3005 1274 3008 ’

191 3117 319 3175 persona
341 3099 438 3175 prima
461 3118 508 3157 me
531 3096 646 3172 induxi,
676 3117 740 3156 eam
763 3097 1041 3173 inaequabilitatem
1065 3097 1154 3155 alias·
1273 3091 1274 3098 '

193 3207 249 3262 que
272 3207 309 3246 ne
332 3188 406 3246 mali
429 3186 565 3246 consulat
587 3188 681 3246 lector
705 3205 822 3262 quaeso.

260 3275 405 3334 DABAM
428 3274 712 3342 FRANOOEVRTI
734 3276 789 3334 AD
813 3275 989 3334 MOENVM
1118 3344 1122 3355 Ι

352 3366 452 3424 Mense
475 3365 614 3444 Augusto
638 3367 709 3423 anni
731 3365 870 3425 MGMVI.
1024 3389 1026 3394 ’
