2586 3922
183 256 250 320 354
567 256 595 311 C.
611 263 671 324 931,
682 271 762 312 es—es

253 417 377 471 Fortuna
395 417 524 472 instabili
542 435 572 472 se
590 433 702 486 quoque
721 419 797 487 stare
814 419 906 486 putot.

182 496 224 550 En
244 514 296 567 ego
315 514 367 552 nec
386 513 465 552 ceros
484 498 576 553 habeo
594 498 770 552 miserendus
790 497 904 564 amicos,

253 577 279 630 A
297 576 401 645 quibus
419 577 525 632 auxilio
542 579 662 633 verbeve
680 593 773 632 rcmve
791 579 895 646 petam.

182 656 288 712 Vnicus
307 658 359 724 est,
378 658 427 726 qul
445 674 490 711 me
508 673 565 710 non
583 656 668 727 plene
687 657 796 726 spernit
814 659 956 727 egentem

254 736 353 793 Cetera
371 739 512 792 contemto
531 737 661 806 supplice
678 737 762 791 turba
780 736 863 807 fugit.

183 817 256 883 Quid
275 817 379 872 ieciem
397 817 514 872 infelix?
532 833 605 885 queo
623 833 680 870 non
697 817 753 870 nisi
771 817 802 870 in
820 817 950 871 omnibus
968 816 1019 870 uui
1037 817 1090 884 est,

254 897 411 952 Sollicitem
430 897 514 968 longo
534 897 658 951 carmine
676 913 761 966 saepe
780 897 882 951 fidem?

181 978 284 1032 Fracta
303 979 372 1032 fides
391 977 488 1032 crebro
507 981 551 1031 est
568 977 699 1046 precibus
717 977 842 1047 lugentis
861 977 954 1043 amici,

252 1059 313 1112 Hac
331 1062 427 1113 tamen
447 1057 551 1111 emisse
569 1075 637 1111 num
655 1072 738 1128 mage
756 1057 846 1114 tristis
865 1063 930 1112 cro?

181 1137 238 1192 Vos
258 1139 353 1207 superi
371 1140 408 1205 et,
428 1155 547 1207 quorum
565 1155 596 1192 es
614 1138 715 1192 merito
733 1137 804 1191 mihi
822 1137 947 1190 numinis
965 1137 1064 1203 instes,

254 1217 343 1282 Quem
362 1236 516 1287 numquam
533 1219 653 1288 posthoc
672 1234 753 1287 spero
771 1218 876 1284 videre,
894 1233 1006 1286 parens,

182 1297 272 1352 Vnius
290 1299 321 1351 in
339 1298 446 1369 gremio
466 1316 530 1367 spes
548 1300 645 1352 nostre
664 1298 776 1352 obiecta
794 1297 899 1352 sodalis

253 1378 344 1432 Tebet
362 1381 391 1434 et
409 1379 666 1447 absentisperdite
684 1377 768 1432 verbs
788 1381 877 1433 sonet.

180 1457 232 1513 Ille
250 1459 327 1514 iuvet
344 1457 448 1525 forsan,
467 1459 518 1514 sed
536 1459 620 1513 verbe
638 1459 776 1512 immense
793 1458 895 1512 locutis

252 1539 339 1593 Fects
356 1539 434 1594 brevi
453 1541 584 1594 constent
601 1556 658 1593 non
675 1538 830 1608 repetendo
846 1538 938 1592 modo.

181 1618 296 1674 Scilicet
312 1621 343 1673 in
362 1620 467 1674 somnis
486 1635 560 1688 quoe
577 1622 699 1688 poscunt
716 1619 840 1688 plurime
858 1619 937 1673 divos

250 1700 283 1753 In
301 1699 422 1754 fratrum
440 1699 554 1754 auxiliis
573 1700 733 1768 experietur
750 1699 840 1767 inops.

180 1779 238 1833 Nos
257 1779 307 1833 ubi
325 1779 486 1849 praeteritis
506 1779 699 1848 componimus
718 1794 782 1833 orsa
801 1777 890 1832 secuti

252 1859 406 1930 Temporis,
425 1860 470 1914 his
489 1860 576 1914 etiem
595 1859 708 1914 credere
726 1859 788 1913 fote
805 1860 910 1914 vetent.

179 1941 290 1994 Interea
308 1940 384 2009 repit
401 1940 471 1994 hore
490 1971 524 1980 —-
542 1957 595 1996 noc
614 1942 658 1995 est
675 1938 843 2009 reparabilis
862 1969 896 1978 -
915 1938 1026 1992 horem:

251 2021 310 2075 Nos
328 2020 406 2074 lente
424 2020 534 2089 placuit
551 2020 618 2075 tabe
636 2019 729 2089 perire
747 2020 809 2085 deo,
861 2052 863 2061 ³

179 2100 219 2154 Vt
235 2102 356 2170 pereunt
373 2100 477 2167 miseri,
497 2117 566 2169 quos
584 2100 661 2155 vitae
678 2099 786 2153 fructus
805 2099 934 2153 edemtns

251 2180 390 2248 Deseruit,
408 2180 488 2234 nulle
507 2183 572 2249 post
589 2181 763 2248 reparandus
782 2196 843 2248 ope.

179 2260 317 2331 Tempore
335 2278 392 2314 non
411 2260 464 2314 illo
479 2261 623 2315 Priamum
640 2260 759 2330 periisse
777 2259 901 2328 putabis,

251 2340 312 2405 Quo
331 2341 420 2394 iacuit
438 2340 545 2394 Teucro
564 2341 660 2396 littore
678 2344 794 2394 truncus
812 2340 900 2405 iners3

179 2422 284 2476 Verum
302 2423 335 2474 ut
353 2420 523 2474 Thessalicis
542 2421 648 2474 circum
666 2436 717 2474 sus
735 2420 847 2474 moenio
865 2419 949 2472 funus

250 2502 421 2557 Hectoreum
438 2501 535 2569 rapuit
552 2500 652 2554 fortior
670 2500 759 2554 hostis
778 2499 866 2568 equis.
969 2543 970 2546 η

178 2582 242 2637 Non
261 2599 295 2637 ee
313 2584 377 2651 post
396 2581 496 2636 ductos
514 2581 588 2636 victo
608 2599 641 2637 ex
660 2581 774 2636 Oriente
793 2579 951 2648 triumphos

249 2663 393 2716 Exstinxit
411 2662 554 2732 Magnum,
574 2679 646 2730 queo
664 2661 740 2726 tulit,
759 2661 837 2728 horn,
857 2662 955 2729 ceput3

178 2743 231 2796 Ille
249 2741 330 2795 illum
349 2742 491 2809 exstinxit,
511 2741 618 2810 campis
637 2758 787 2812 congresso
804 2740 945 2809 Philippis

250 2821 387 2877 (laesores
405 2822 543 2891 populum
562 2838 635 2890 quse
652 2822 710 2875 ruit
728 2822 797 2876 hore
815 2837 909 2874 manu.

179 2902 294 2957 Scilicet
312 2902 358 2957 hic
378 2903 452 2958 vitae
470 2902 543 2969 finis,
563 2903 611 2969 qni
630 2902 693 2955 finis
711 2902 848 2956 honorum
868 2903 918 2965 est,

250 2982 376 3051 Cumque
395 2999 446 3037 sue
463 2985 583 3052 pereunt
601 2983 790 3051 prosperitate
809 2981 869 3034 viri.

179 3063 224 3118 Sic
244 3064 319 3132 quod
338 3063 399 3117 heri
417 3064 481 3128 vixi,
502 3063 569 3131 quie
587 3063 645 3115 iem
663 3080 719 3116 nox
738 3061 828 3117 altera
846 3063 959 3130 praesto
978 3063 1029 3127 est,

250 3291 283 3338 33
304 3286 438 3340 cherosb
547 3290 581 3338 34
601 3284 736 3338 auxilium
756 3284 906 3338 Burmann
1013 3286 1047 3335 35
1067 3300 1096 3336 es
1111 3323 1138 3337 ..

178 3357 287 3426 spernis
309 3357 474 3425 Oudendorp
551 3361 585 3408 40
604 3372 704 3410 non..
724 3372 779 3410 ero.
799 3357 948 3409 Bormann
1038 3359 1071 3408 41
1091 3353 1139 3421 qui

177 3428 277 3482 horum
296 3428 437 3481 Baehrens
524 3433 558 3480 44
577 3444 644 3480 num
662 3427 791 3481 absenti?
810 3428 911 3479 sonent
928 3426 1070 3480 Baehrens

178 3504 211 3552 45
231 3498 319 3552 locuti
338 3498 480 3551 Baelnene
543 3503 575 3550 61
595 3497 654 3550 ists
677 3499 817 3552 Bnelnens
878 3503 911 3551 62
930 3495 1137 3566 populumne.

173 3572 301 3638 partium
328 3568 505 3636 popularium
536 3571 690 3622 enercitnnc.
727 3568 796 3622 hore
828 3583 977 3638 congressa
1009 3567 1139 3622 audacter

174 3657 228 3709 pro
247 3638 336 3708 copiis
356 3656 389 3692 es
406 3637 475 3691 hore
494 3640 650 3709 congressis
668 3641 770 3694 dictum

1163 673 1193 713 35
