2598 3922
508 235 537 291 G.
553 240 625 305 719⁸,
639 249 720 290 es-as
1045 235 1106 300 191

145 401 231 474 Quod
254 404 378 464 minime
402 401 492 463 rerisi
517 403 576 464 isto
599 401 759 482 prudentia
782 403 884 463 maior.
940 457 943 464 .

91 497 177 552 Misia.
201 489 297 552 Credo
312 490 460 572 equidem,
474 509 531 552 neo
544 510 619 552 vana
633 490 716 552 tides.
761 490 835 562 Quis
847 491 918 553 talia
932 491 1055 554 demens

104 577 283 643 aeAhnuat?
305 589 336 645 et
357 598 405 642 me
429 582 584 660 vietusque
606 580 769 660 volensque
792 582 919 643 remitto.
1087 601 1089 604 ·

144 668 260 731 Stultus
284 686 338 750 ego
360 670 460 749 parvis
484 688 662 749 componere
685 687 791 748 magne
815 669 959 751 solebam3

143 757 207 820 Nec
228 775 296 820 mea
318 761 378 821 iam
401 765 514 820 mumta
537 759 601 820 loco
625 761 773 820 sententia
796 758 885 822 cedit,

145 847 242 908 Vnum
265 864 331 908 oro:
356 847 463 908 doceas
485 849 544 908 iter
567 856 597 909 et
620 866 705 910 sacra
727 849 803 909 ostia
825 847 948 928 pandas,

105 980 107 984 -
144 935 260 1008 Quidve
283 953 413 1016 sequens
437 943 535 998 tantos
557 940 671 1017 possim
695 955 837 1018 superare
861 937 986 1000 labores.
1104 946 1107 952 '

89 1027 183 1100 [Tm]
206 1024 308 1087 Dicam
332 1025 471 1106 equidem
494 1043 551 1088 nec
573 1034 603 1088 te
627 1044 815 1106 suspensum,
838 1034 915 1107 nate,
938 1025 1055 1105 tenebo,

103 1135 129 1176 ar
144 1114 183 1174 Et
205 1133 264 1194 quo
288 1133 436 1195 quemque
460 1114 547 1176 modo
570 1116 726 1196 fugiasque
749 1116 887 1195 ferasque
909 1114 1050 1177 laborem.

143 1202 236 1282 nude,
259 1203 378 1284 hospes,
402 1211 594 1266 contemnere
617 1223 702 1285 opes:
724 1206 772 1266 via
794 1207 892 1285 prima
915 1204 1028 1266 salutis.

143 1292 323 1353 lntemerata
346 1291 421 1354 fides
444 1301 475 1354 et
497 1312 582 1354 mens
605 1293 664 1354 sihi
686 1295 805 1355 conscia
829 1295 905 1356 recti

143 1381 280 1443 Praemia
304 1381 392 1461 digna
415 1381 528 1464 ierunt3
552 1383 621 1444 irati
643 1385 752 1463 pietate
775 1385 952 1462 perignem

103 1491 130 1532 ee
144 1471 290 1532 Invenere
312 1473 404 1532 viam:
428 1474 548 1551 requies
571 1491 606 1533 ea
628 1480 710 1533 certa
732 1471 876 1534 laborum.

143 1560 274 1621 Invitant
297 1562 412 1622 croceis
434 1559 569 1622 halantes
592 1560 716 1622 floribus
738 1561 819 1623 horti

144 1648 377 1711 Fortunatomm
400 1667 557 1712 nemorum
580 1650 728 1730 sedesque
750 1648 862 1718 heatae,

145 1737 273 1817 Semper
296 1745 392 1817 erunt,
416 1757 544 1818 quorum
567 1739 674 1801 melior
697 1742 843 1801 sententia
867 1741 974 1800 menti:

144 1825 199 1887 His
222 1826 306 1888 locus
328 1826 413 1889 urhis
437 1830 503 1907 erit,
527 1828 619 1890 divini
642 1828 736 1908 gloria
759 1831 847 1889 ruris.

103 1914 221 1979 roNam
246 1918 298 1995 qui
322 1915 433 1978 divitiis
457 1916 512 1978 soli
534 1917 699 1979 incubuere
723 1919 860 1997 repertis,

144 2003 268 2074 Distulit
289 2007 321 2066 in
345 2023 443 2068 seram
466 2009 624 2068 commissa
646 2007 763 2086 piacula
785 2013 921 2068 mortem.

143 2093 218 2154 Ausi
241 2112 345 2155 omnes
367 2096 497 2156 immane
520 2097 602 2157 nefas
626 2114 756 2175 ausoque
780 2096 867 2175 potiti

143 2183 294 2263 Vrgentur
316 2186 430 2263 poenis.
475 2183 571 2255 Quam
593 2184 703 2246 vellent
721 2185 841 2246 aethere
863 2186 896 2244 in
919 2183 977 2244 alto

145 2270 253 2332 Omnia
276 2280 306 2333 et
329 2291 452 2353 superas
475 2273 550 2336 caeii
572 2276 691 2360 vepisse
715 2273 770 2335 sub
794 2272 894 2335 aurosi

90 2367 177 2422 MEL.
202 2359 283 2431 Quae
306 2360 371 2441 tibi,
394 2380 469 2442 quae
493 2363 544 2423 tali
568 2362 690 2424 reddam
713 2381 767 2443 pro
791 2364 923 2424 carmine
948 2357 1047 2422 dona?

104 2471 132 2513 aa
146 2447 213 2510 Non
236 2452 302 2530 opis
326 2458 372 2511 est
394 2459 527 2533 nostrae3
550 2470 660 2512 nomen
682 2451 821 2513 tollemus
844 2450 881 2512 ad
904 2458 991 2529 astra,

146 2537 257 2619 Tityre.
303 2539 461 2601 Discussae
484 2540 608 2602 umbrae
632 2549 663 2602 et
685 2542 735 2602 lux
758 2541 874 2602 reddita
897 2541 1000 2600 menti.

90 2630 184 2702 [TIT]
208 2627 273 2688 Non
296 2628 370 2690 haec
392 2629 531 2690 humanis
555 2629 670 2710 opibus,
694 2649 753 2691 non
777 2637 841 2692 arte
864 2630 1004 2707 magistra

146 2716 342 2779 Proveniunt:
366 2737 442 2798 quoe
466 2721 505 2780 sit
526 2721 640 2798 poteris
664 2737 843 2798 cognoscere
865 2719 968 2778 virtus.

104 2829 132 2868 ao
146 2804 184 2865 Ni
208 2806 329 2885 refugis,
352 2809 449 2886 prima
472 2816 611 2887 repetens
635 2807 671 2868 ab
695 2810 810 2886 origine
831 2825 962 2887 pergam.

91 2901 178 2956 Man.
201 2895 295 2956 immo
318 2914 371 2976 age
391 2905 455 2957 eta
478 2899 573 2977 prima
598 2897 654 2977 dic,
677 2893 795 2977 hospes,
819 2897 933 2975 origine
957 2892 1056 2955 nobis:

146 2984 267 3064 Accipio
291 3003 477 3065 agnoscoque
500 2985 597 3047 libens
620 2994 654 3048 ut
676 2985 930 3065 verbaparentis.

92 3078 163 3134 TIT.
188 3073 310 3153 Accipe:
332 3077 432 3155 prisca
455 3074 530 3136 fides
553 3075 639 3154 iacto,
664 3075 716 3137 sed
739 3075 816 3136 fama
839 3074 989 3153 perennis.

219 3232 253 3281 63
274 3226 353 3294 Quod
373 3245 409 3282 m.
431 3229 501 3283 reris
525 3229 603 3302 Verp.
622 3230 692 3284 Aeo.
712 3233 781 3294 6,97
837 3227 927 3292 Quam
945 3225 1062 3278 minime
1080 3240 1111 3278 re

146 3297 216 3367 fato,
244 3299 342 3354 deinde
365 3302 487 3369 spetiem
510 3307 641 3368 quattuor
659 3301 720 3366 lita,
737 3299 819 3369 prud.
838 3316 874 3352 m,
894 3299 929 3365 P,
956 3299 991 3364 cs.
1013 3297 1110 3367 Georp.

149 3375 172 3435 1,
184 3375 245 3425 416.
301 3376 335 3424 66
355 3387 523 3440 componore
541 3387 644 3443 magno
708 3376 741 3425 67
763 3370 857 3425 caedit
929 3373 963 3422 58
981 3367 1075 3421 hostia

219 3480 253 3531 60
272 3476 327 3532 Tit.
347 3494 398 3533 om.
477 3484 509 3531 61
529 3477 567 3531 Et
584 3492 761 3546 quocumque
839 3481 872 3530 62
892 3454 1070 3544 eontemffire

30 3580 34 3590 ·
148 3553 181 3602 66
200 3548 311 3602 alaniae
375 3554 409 3602 70
427 3548 532 3618 reperti
597 3554 630 3602 '13
648 3547 757 3603 uellena
822 3553 854 3600 ii
875 3545 934 3600 TIT
998 3551 1031 3600 78
1049 3544 1111 3598 TIT

147 3636 198 3675 om.
272 3625 306 3674 83
325 3619 404 3675 facie
436 3686 437 3690 ἵ
