2594 3920
180 267 224 332 36
547 267 575 322 O.
588 274 649 336 486,
664 284 772 324 ιιι-144

180 435 236 494 Ars
260 433 370 514 docuit,
394 453 484 513 quam
505 442 538 495 tu
561 454 679 495 mecum
703 438 857 514 experiare
881 436 991 497 licebit.

180 523 224 583 Ex
247 542 319 584 auro
343 524 437 602 finges
461 523 552 584 librili
575 524 706 603 pondere
730 526 866 604 formam,
1160 557 1198 598 με,

180 613 296 692 Parque
319 631 357 672 ex
379 621 502 691 argento
526 613 619 673 moles
643 615 713 694 siet3
738 633 809 692 ergo
833 614 949 675 dnobus

180 701 287 781 llispar
310 704 368 762 erit
390 701 506 782 pondus
529 703 660 781 paribus,
684 703 763 781 qnod
788 703 909 764 densius
933 723 1039 765 aurum
1062 711 1116 764 est.

180 791 251 852 Post
273 791 347 851 haec
370 790 407 850 ad
429 791 544 850 lancem
569 791 686 870 rediges
710 792 885 870 pondusque
909 797 1045 872 requires

180 880 311 958 Argenti,
335 899 404 940 nam
428 882 486 939 iam
510 888 613 940 notum
637 881 785 959 estquod
810 880 939 942 diximus
962 885 1036 961 auri,

180 969 273 1048 ldqne
296 970 342 1028 fao
366 976 489 1047 argento
512 972 631 1047 gravius
655 978 788 1030 sextante
813 979 975 1049 repertum.
1158 1003 1199 1043 no

181 1057 265 1118 Tunc
289 1077 369 1136 auro,
393 1060 479 1117 cuius
502 1060 607 1118 vitium
631 1059 802 1138 furtumque
826 1063 964 1138 requiris,

182 1146 273 1225 Finge
297 1165 399 1225 parem
423 1149 538 1224 argenti
562 1148 687 1208 sormam
709 1149 885 1228 pondusque
909 1157 1022 1210 notato:

182 1235 280 1296 Altera
304 1255 362 1314 quo
386 1243 519 1314 praestat
541 1235 693 1314 leviorque
717 1245 763 1297 est
786 1237 878 1298 altera
900 1238 1002 1317 moles,

168 1325 227 1384 'Sit
251 1327 385 1385 semissis
408 1343 497 1384 onus:
520 1333 605 1404 potes
628 1344 669 1385 ex·
688 1326 744 1386 boo
768 1325 877 1405 dicere,
901 1335 1044 1406 quantum

182 1414 303 1492 Argenti
328 1413 406 1473 lulvo
430 1416 556 1473 mistum
580 1414 694 1475 celetur
716 1417 748 1475 in
772 1435 852 1475 auro.
1159 1447 1199 1488 ιη

182 1501 255 1563 Nam
280 1505 348 1582 quia
373 1504 528 1563 semissem
551 1503 674 1582 triplum
698 1507 842 1566 sextantis
866 1505 1018 1584 babemuS,

182 1591 257 1652 Tres
280 1595 401 1652 inerunt
425 1594 490 1652 anri
512 1592 615 1671 librae,
639 1593 777 1671 quodque
802 1593 929 1673 amplius
952 1595 1008 1654 boo
1032 1602 1085 1673 est,

182 1680 459 1759 Quantumcumque
484 1683 549 1758 siet,
573 1681 653 1741 lraus
675 1681 707 1740 id
730 1685 905 1762 permiscuit
930 1703 1010 1743 auro.

182 1769 362 1849 Causa[que]
388 1788 442 1830 cur
464 1772 505 1829 ita
529 1772 576 1848 sit,
600 1779 735 1849 prompta
759 1779 812 1849 est,
836 1775 862 1831 si
887 1771 1002 1833 discere
1026 1791 1130 1832 verum

87 1912 89 1916 .
183 1859 247 1919 Non
270 1862 369 1938 pigeat
392 1867 585 1938 veterumque
610 1861 724 1920 animos
748 1860 903 1921 intendere
927 1862 1046 1921 chartis.
1160 1892 1199 1933 130

182 1947 256 2008 Nam
280 1951 306 2008 si
329 1947 498 2027 disparibus
521 1950 655 2008 numeris
679 1952 837 2009 accesserit
861 1949 948 2027 idem,

183 2038 287 2097 Servat
309 2037 478 2116 inaequales
502 2036 614 2115 itidem,
637 2044 812 2116 tantumque
836 2039 965 2099 manebit

182 2126 349 2186 Discrimen
372 2133 515 2204 quantum
538 2127 636 2187 luerat
659 2129 751 2205 prius,
775 2126 864 2205 idque
888 2127 1013 2205 notabis,

183 2215 250 2275 Sive
274 2218 304 2274 in
327 2214 513 2293 temporibus
536 2233 670 2294 quaeras,
694 2235 747 2276 sen
770 2215 901 2294 pondera
925 2235 1027 2277 rerum

183 2304 242 2364 Seu
265 2303 359 2364 moles
383 2310 517 2382 spectare
541 2303 615 2363 velis
639 2307 826 2384 spatiumque
850 2305 991 2366 locorum.
1159 2335 1197 2377 135

183 2393 280 2462 Quare
305 2392 429 2452 diversis
454 2395 568 2470 argenti
592 2396 715 2472 aurique
740 2394 876 2472 metallis,

183 2481 256 2552 Quis
280 2483 373 2541 lorma
397 2500 431 2541 ac
454 2481 547 2541 moles
571 2480 674 2541 eadem
698 2490 752 2559 est,
775 2502 830 2561 par
853 2482 952 2543 addito
975 2483 1104 2561 pondus:

183 2573 311 2649 Argento
336 2571 432 2630 solum
455 2569 486 2630 id
509 2573 626 2648 crescit,
649 2570 723 2630 nihil
747 2570 866 2631 additur
889 2591 969 2632 auro.

184 2659 339 2719 Sextantes
363 2662 455 2738 igitur
477 2667 549 2738 quot
572 2667 634 2719 tum
659 2677 815 2738 superesse
837 2660 961 2738 videbis,

183 2749 217 2808 ln
240 2748 363 2808 totidem
388 2748 469 2809 dices
493 2767 598 2808 aurum
623 2751 785 2809 consistere
810 2749 903 2827 libris,
1160 2779 1198 2819 190

183 2837 315 2915 Parsque
338 2837 442 2897 itidem
465 2837 558 2898 librae
583 2840 725 2898 sextantis
748 2847 832 2917 parte
855 2846 982 2898 notetur.

184 2925 268 2997 Quod
292 2929 317 2986 si
341 2928 416 2986 sorte
440 2945 542 3005 parem
566 2935 705 3006 corrupto
728 2929 840 3005 lingere
864 2928 988 2987 formam

184 3016 311 3093 Argento
335 3034 474 3095 nequeas,
499 3023 527 3075 at
550 3015 669 3076 mollem
693 3019 801 3076 sumito
825 3035 933 3077 ceram.

183 3104 278 3182 Atque
300 3104 400 3166 brevis
424 3104 578 3183 facilisque
601 3105 656 3164 tibi
679 3105 824 3165 formetur
847 3107 943 3182 imago

256 3298 307 3346 164
326 3311 344 3363 q
362 3296 423 3347 tum
442 3295 469 3348 A
543 3298 592 3347 166
614 3292 697 3364 fingis
717 3295 744 3348 A
818 3298 867 3346 167
887 3291 999 3347 densior
1022 3310 1089 3346 auro
1108 3295 1145 3360 A,

184 3381 231 3419 em.
248 3365 338 3419 Clrrist
393 3369 443 3418 169
464 3381 531 3418 outo
551 3366 578 3419 A
634 3369 685 3417 170
703 3365 793 3432 Facq3
811 3364 842 3417 id
860 3365 896 3430 A,
914 3381 982 3420 corr.
1003 3367 1144 3419 Baehrens

258 3441 306 3489 171
326 3436 459 3505 requires,
480 3437 526 3490 sed
544 3451 622 3500 corr„
640 3437 668 3489 A
741 3441 792 3488 174
810 3435 900 3488 honus
919 3436 946 3489 A
1006 3441 1056 3488 177
1077 3453 1144 3504 quo-

185 3521 239 3574 que
258 3508 285 3561 A
377 3512 426 3560 179
447 3523 501 3574 que
528 3507 655 3573 Hubscb,
683 3523 732 3561 om.
752 3507 779 3560 A
870 3511 920 3559 189
940 3523 1010 3574 quos
1032 3508 1066 3573 A,
1095 3524 1143 3560 em.

184 3579 319 3633 Deuioios
355 3579 386 3631 tu
405 3579 440 3643 A,
459 3595 506 3632 em.
527 3577 675 3632 Buecheler
736 3583 786 3630 194
805 3577 902 3645 Aeque
920 3579 957 3643 A,
975 3594 1043 3632 corr.
1064 3579 1144 3631 Eod-

186 3649 268 3704 licber
