2582 3924
496 115 518 166 Ι

541 241 568 296 C.
585 179 728 298 ilo-ill
1046 244 1110 307 231

605 407 668 482 746
953 441 1166 492 amanum.

526 526 574 580 De
595 525 741 591 cythare
1028 495 1106 587 Ἢ
1119 497 1166 589 lll.

152 639 240 700 Forte
265 649 329 702 erat
351 642 481 703 Aurorae
504 651 623 722 tempus
646 641 782 721 Solisque
807 641 949 720 quadriga

151 728 276 790 Fecerat
299 739 329 791 el
351 739 472 792 ventum
496 740 526 793 et
548 734 679 792 sonitum
702 729 878 810 pernobile
903 748 1035 791 marmor

151 817 303 879 Adstamis
325 823 420 900 pueri,
444 839 512 882 cum
534 828 573 899 le,
596 838 662 880 mea
685 819 762 880 bella
785 819 920 898 Cythera

151 907 271 986 Aspicio
294 911 463 980 venientem
486 918 517 971 et
539 918 571 971 lu
595 927 661 971 mea
684 909 786 969 limina
809 916 892 988 graho

122 996 279 1061 alntroilu
304 997 421 1076 dignata
445 1017 528 1060 rosas
549 1007 581 1068 et
604 998 679 1059 lenis
704 1000 812 1058 amomi

150 1085 279 1146 Delicias
302 1089 394 1147 miras
418 1094 517 1148 tecum
541 1088 645 1167 allicio,
667 1086 747 1147 unde
771 1094 890 1147 secutae

151 1173 279 1235 Palladis
303 1184 334 1236 el
356 1176 477 1237 frondes
500 1177 671 1256 nulliusque
695 1178 789 1236 inscia
813 1176 923 1236 laurus,
947 1210 991 1218 -

150 1263 234 1324 Atria
256 1271 356 1325 nostra
380 1268 479 1326 virent
502 1274 531 1326 et
554 1257 645 1344 agunt
667 1267 699 1324 in
723 1265 825 1325 limine
848 1267 945 1344 primo

150 1351 293 1413 Radicem
315 1354 435 1433 platani,
459 1355 496 1415 ad
518 1363 633 1434 portam
656 1356 739 1415 venit
762 1353 885 1414 arbutus
909 1356 1014 1434 ipsam.

108 1466 135 1506 ιο
152 1440 235 1501 Felix
258 1442 351 1504 multa
374 1444 471 1523 arboe,
494 1446 615 1504 imitans
639 1443 781 1506 miracula
803 1442 899 1520 Pindi,

152 1529 247 1600 Quam
270 1550 330 1591 non
355 1533 465 1593 delehit
487 1533 562 1594 livor
585 1551 641 1593 uec
665 1551 731 1594 sera
752 1531 897 1593 vetustas!
922 1566 966 1574 -

219 1618 244 1679 Ο
267 1621 396 1684 iucunda
419 1624 519 1700 nimis,
542 1625 627 1683 tenui
650 1640 725 1701 quae
749 1624 811 1682 visa
834 1629 949 1701 poetae,

150 1707 227 1769 llum
252 1707 351 1771 credis
374 1713 479 1772 vitium
503 1730 563 1772 non
586 1710 755 1773 auscultare
779 1710 925 1771 Camenis.

603 1902 665 1966 747
952 1935 1165 1978 armorumue.

546 2019 595 2074 De
620 2033 719 2075 cereo
1028 1990 1105 2082 effi
1118 1990 1165 2082 ill?

151 2135 238 2196 Flora
260 2133 350 2198 venit.
398 2156 472 2216 quae
496 2135 603 2198 Flora?
632 2137 685 2198 dea
709 2155 746 2197 an
771 2136 806 2197 de
831 2144 917 2215 gente
941 2133 1067 2198 Latina?

218 2223 285 2286 Non
308 2244 390 2307 reor;
421 2235 450 2286 at
474 2226 589 2287 Chloris
613 2226 690 2287 dicta
713 2244 769 2306 per
792 2244 860 2286 arva
883 2227 946 2287 luia

152 2313 248 2374 Huius
271 2317 303 2374 in
326 2315 484 2376 adventum
508 2315 624 2376 radiant
648 2315 683 2375 de
707 2322 794 2375 nocie
818 2314 970 2396 lucernae3

219 2401 294 2463 Nam
317 2406 394 2465 nitet
415 2412 504 2483 atque
528 2404 635 2464 hilarat
657 2404 769 2464 lumine
793 2412 900 2465 cuncta
923 2422 986 2466 suo.

124 2491 246 2556 aCerea
268 2495 408 2554 materies
432 2493 536 2572 apibus
561 2493 686 2554 debetur
709 2496 821 2572 amicis,

217 2569 354 2642 Flhribus
378 2590 466 2662 atque
490 2583 569 2642 horti
592 2584 631 2643 sit
654 2601 762 2661 precor
785 2601 878 2662 aequa
900 2584 969 2660 mei,

150 2669 216 2731 Non
239 2679 272 2731 ut
291 2671 354 2746 mel
377 2674 499 2751 rapiam,
523 2674 609 2746 cuius
631 2690 691 2731 non
714 2679 820 2750 langor
842 2689 951 2749 amore,

218 2759 277 2821 Sed
301 2779 369 2821 cera
392 2763 423 2820 in
447 2761 536 2822 talem
560 2762 610 2822 sral
632 2769 666 2821 ut
689 2760 754 2820 alha
779 2760 865 2821 diem.

223 2893 291 2951 ric.
320 2897 423 2966 (OJao.
456 2897 497 2949 De
517 2881 628 2950 ealhere
646 2897 831 2966 catalopase'a
846 2898 884 2950 M
953 2895 1111 2948 2adveniu

148 2967 284 3023 Schrader
312 2983 442 3022 marmor
461 2969 618 3023 Memnonis
645 2969 676 3021 eh
694 2969 831 3038 Aeqypw,
859 2968 891 3022 de
913 2969 993 3022 caius
1019 2968 1112 3022 sonita

149 3040 183 3106 cf.
204 3039 302 3095 Strabo
322 3045 364 3108 17,
375 3045 434 3094 816.
472 3040 585 3094 Plinius
603 3056 629 3092 n.
644 3038 672 3092 h.
692 3043 787 3107 choo.
861 3045 877 3091 3
897 3038 1017 3092 achantia
1036 3056 1054 3092 a

149 3110 315 3180 4Agnosco
334 3129 353 3166 a
432 3113 603 3180 coequatae
631 3127 669 3164 ao
760 3111 909 3179 8‘agunh’
928 3126 945 3164 a
963 3112 995 3163 rh
1012 3127 1073 3180 rap,
1092 3127 1111 3162 a

151 3183 261 3250 ‘egens’
282 3201 299 3237 a
319 3184 350 3236 ia
368 3201 463 3253 ηιμ
508 3181 633 3236 limiheo
741 3181 838 3250 dipsa
857 3182 1016 3236 Buecheler>

151 3257 184 3305 10
203 3252 281 3306 culte
299 3254 379 3308 idem
406 3253 526 3308 multum
544 3253 685 3307 Baehrens
759 3259 790 3306 11
813 3253 907 3320 ‘quae’
928 3271 946 3306 a
964 3253 996 3305 r'a
1014 3269 1109 3322 mq.‚e

150 3339 235 3391 quam
252 3341 269 3377 a
287 3325 319 3376 ia
337 3342 399 3394 rap,
418 3345 435 3379 a
508 3331 540 3378 13
561 3324 702 3378 camoenis
721 3341 740 3378 a
975 3345 979 3353 ¹

223 3411 291 3467 747.
324 3412 418 3482 (an.
456 3413 497 3468 De
516 3430 596 3468 cereo
615 3413 757 3484 catalogus
774 3414 805 3466 ia
823 3414 866 3476 M,
884 3429 924 3466 ca
960 3411 1026 3466 flore
1045 3413 1108 3467 add.

149 3501 183 3538 ra.
203 3485 251 3538 ah.
270 3485 302 3537 ia
320 3503 346 3539 a.
421 3491 435 3537 2
455 3488 484 3538 ci
502 3487 649 3540 Baehrens.
670 3485 704 3551 cf.
727 3483 803 3538 Oee’d.
824 3484 903 3538 Fasd.
927 3483 1024 3538 Vms.

150 3555 311 3626 oamicis];
344 3555 462 3624 apioque
490 3558 561 3610 Bere.
603 3557 684 3610 Deos
715 3571 807 3609 veram
834 3561 898 3623 posi
928 3561 943 3608 ὃ
976 3555 1111 3610 desiderat

150 3627 298 3682 Buecheler
371 3633 386 3680 6
405 3626 494 3680 hortis
514 3627 629 3680 ..meis
649 3644 697 3693 ao,
715 3643 784 3680 corr.
804 3626 952 3680 Baehrens.
