2594 3920
157 213 200 277 54
531 213 559 268 (l.
574 215 649 282 11141,
664 231 743 271 ee—rs

156 381 235 442 Neve
258 382 332 442 haee
355 387 488 441 monstra
510 378 566 439 tibi
589 381 706 462 iaciant,
730 383 878 465 Alcmena,
901 388 1053 465 pavorem!

156 471 206 532 Sia
229 478 324 531 mater
347 478 431 550 potes
455 487 520 528 esse
544 467 601 530 dei.
647 473 706 530 iam
730 473 799 534 tolle
823 493 963 536 serenum
1028 511 1030 514 ·

155 561 244 622 Laeta
268 562 399 621 animum
421 564 562 637 tantoque
586 557 682 619 libens
705 560 779 622 haee
802 566 901 642 aspice
924 567 1016 645 vultu,

155 651 190 710 Vt
214 650 318 710 deeeat
340 649 479 727 genuisse
503 647 609 707 lovem.
657 649 770 728 depone
793 671 931 730 pavorem

154 738 311 818 indignum
334 745 430 817 partu,
453 744 614 814 natumque
638 739 788 818 exemplar
811 741 925 803 habeto.

155 828 210 889 Cui
233 830 350 906 metuis,
374 825 449 886 nihil
472 827 536 904 ipse
560 829 653 887 timet.
699 846 767 889 nam
791 833 913 892 numine
938 842 1019 895 recto

153 917 282 979 Ridebas
306 925 346 996 tu,
371 915 446 992 dive,
469 922 578 992 truces,
602 918 775 996 animosque
799 919 943 998 superbos

153 1009 195 1069 De
219 1009 353 1086 genitore
376 1014 469 1082 tenes,
494 1006 628 1082 votisque
652 1009 823 1084 aptissimus
847 1009 929 1070 orbis
1130 1029 1156 1070 33

153 1095 309 1158 Gaudebas
331 1102 447 1156 tantum
470 1095 529 1152 iam
554 1100 616 1153 tum
639 1098 786 1156 meruisse
809 1116 975 1160 novercam.

152 1187 285 1265 Corripis
310 1185 426 1264 exiguis
450 1200 517 1243 mox
541 1182 664 1260 grandia
687 1191 807 1262 guttura
830 1186 945 1267 palmis,

152 1276 189 1336 Et
212 1274 349 1335 manibus
372 1273 484 1334 teneris
508 1290 616 1350 cogens
640 1274 670 1332 in
694 1272 815 1335 brachia
838 1277 954 1356 pondus

153 1365 338 1442 Constringis
361 1379 490 1443 presses,
515 1360 649 1421 relevans
673 1362 788 1444 tellure,
813 1364 965 1427 dracones.

219 1453 331 1514 Efferat
354 1452 528 1529 aetherium,
552 1459 695 1528 quantum
717 1452 804 1531 volet,
828 1454 909 1515 orbis
932 1459 963 1516 in
988 1475 1072 1518 axem
1129 1474 1156 1515 eo

152 1543 289 1604 Letoides
311 1559 457 1620 verosque
480 1538 587 1618 probet
610 1558 664 1600 sua
688 1540 785 1602 l'abula
810 1542 900 1622 divos,

152 1632 237 1704 Quod
260 1631 331 1692 Delo
355 1634 413 1692 iam
437 1637 515 1689 stare
539 1628 621 1688 lieet:
645 1648 705 1689 non
728 1649 822 1710 aequa
845 1632 980 1695 laborum

153 1722 260 1801 Gloria,
284 1740 339 1782 nee
362 1718 449 1800 parili
473 1725 627 1796 serpentes
651 1726 731 1778 sorte
754 1730 912 1783 necarunt:

151 1812 196 1872 1111
220 1830 314 1872 unum
337 1811 426 1887 lerro,
450 1809 584 1886 geminos
608 1814 638 1866 et
660 1810 785 1869 inermis
809 1818 838 1870 et
861 1812 952 1872 unus!

218 1900 271 1962 His
295 1902 408 1979 coeptis
431 1915 490 1957 non
513 1896 572 1956 ulla
595 1904 681 1974 parat
704 1897 850 1959 cunabula
872 1909 984 1981 partus,

151 1989 231 2070 llive,
255 1989 323 2070 tibi3
348 1989 401 2049 sed
424 2006 492 2049 eum
515 1987 585 2045 totis
608 1988 667 2046 iam
691 1985 797 2047 bruma
821 1991 932 2067 rigeret

151 2078 301 2139 lmbribus
325 2087 354 2138 et
378 2077 480 2138 solidis
504 2075 662 2135 haererent
685 2075 807 2138 llumina
831 2078 968 2159 lymphis,

151 2167 271 2228 Nudum
293 2166 471 2248 praegelidis
497 2162 629 2224 durando
652 2164 751 2225 firmat
775 2168 805 2227 in
828 2167 926 2229 undis.

151 2258 245 2336 thue
269 2256 359 2318 rudes
382 2258 478 2335 primo
501 2255 654 2332 temptasti
677 2253 783 2316 robore
807 2275 936 2337 gressus,

151 2346 319 2407 Frondosae
344 2345 461 2405 deserta
484 2360 575 2420 vagus
598 2343 763 2421 penetralia
786 2345 876 2407 silvae

151 2435 262 2496 Secura
286 2439 345 2496 iam
367 2443 461 2494 matre
485 2433 563 2510 petis
586 2431 713 2511 telisque
737 2435 900 2496 tremendis

151 2524 242 2585 Ludis
266 2534 296 2586 et
319 2525 414 2586 atrias
437 2522 563 2584 addueto
588 2520 680 2582 deicis
704 2541 775 2584 areu

223 2757 256 2806 50
275 2753 394 2819 tutoque
422 2753 502 2806 Riese
529 2750 601 2803 olim.
643 2748 723 2802 nullm
750 2751 769 2803 a'.
784 2765 805 2803 3.
825 2750 950 2818 despectu
978 2752 1044 2806 Birt

151 2829 184 2876 61
204 2824 264 2876 lovi
283 2823 418 2878 Heinsius
453 2821 577 2876 tenuisse
598 2821 729 2874 Ouiaeius
797 2821 953 2875 33136313
974 2822 1115 2879 0133331133

150 2894 276 2948 habebut
299 2896 323 2947 V
359 2911 431 2962 quae
459 2911 482 2948 e.
511 2892 636 2946 habebas
666 2891 775 2946 Contere
856 2897 890 2945 63
909 2894 1023 2947 nomine
1057 2895 1083 2948 V

150 2965 258 3018 lumine
276 2967 422 3020 Io'oioee'ue
490 2970 523 3018 66
543 2965 621 3017 tenes
641 2964 666 3016 V
691 2965 790 3017 tenens
805 2965 941 3018 Heinsius
999 2968 1114 3019 66133-

151 3039 213 3091 tum
237 3039 260 3092 V
296 3040 406 3091 tantam
427 3038 536 3092 Camere
607 3039 641 3087 51
661 3038 764 3104 guture
789 3037 815 3089 V
884 3040 917 3090 58
937 3035 985 3107 Et]
1004 3035 1046 3090 Ex
1070 3038 1097 3090 V

151 3109 283 3162 manibus
298 3110 377 3164 Riese
404 3109 508 3162 teneris
527 3107 635 3161 Camers
671 3105 799 3174 quumvis
818 3107 909 3160 teneri
928 3107 953 3159 V
1023 3113 1056 3160 69
1075 3109 1115 3162 sie

152 3181 232 3234 Riese
251 3182 295 3250 (ef.
314 3183 416 3250 3136)
454 3178 576 3246 Corripis
594 3179 639 3246 (333
657 3181 702 3246 61)
725 3177 875 3246 impressos
893 3177 985 3232 linens
1004 3181 1023 3232 1.
1040 3179 1066 3232 d.
1093 3181 1119 3232 V

151 3251 266 3305 illidens
279 3253 516 3320 prensosCamers
541 3248 767 3302 lieuensAlde'na
793 3248 920 3303 relevans
930 3251 997 3303 Birt
1021 3249 1114 3318 liques

152 3323 254 3376 Ziebeee
272 3324 341 3391 (3311.
361 3323 449 3376 fluens
470 3329 511 3387 12,
523 3323 566 3389 16)
654 3325 687 3372 60
705 3318 779 3372 uelit
802 3321 828 3372 V
911 3326 942 3373 61
963 3321 1114 3375 Laeioidas

158 3394 185 3447 V
216 3393 312 3448 fauola
336 3395 362 3446 V
449 3399 482 3446 62
502 3409 557 3460 quo
582 3391 609 3443 V
686 3396 719 3444 63
738 3391 838 3459 parilis
857 3409 877 3444 s.
897 3393 1001 3445 sorbete
1025 3393 1048 3445 V

153 3470 187 3518 64
205 3484 232 3535 g.
252 3465 387 3519 inhermis
410 3464 437 3517 V
466 3466 505 3533 (31
528 3464 592 3518 add.
613 3462 730 3532 Aldina)
822 3468 855 3516 66
875 3463 946 3516 Diva
970 3463 1080 3518 0333333

151 3535 242 3590 bruna
268 3537 292 3590 V
361 3541 393 3589 61
413 3535 508 3604 lyphis
532 3535 557 3587 V
628 3539 661 3587 10
680 3549 768 3602 vagus
787 3534 899 3588 deserta,
923 3535 946 3588 V
1007 3539 1115 3589 11113-

154 3608 268 3662 mendus
293 3608 320 3661 V
351 3606 430 3676 -ndis
448 3607 557 3661 Camere
630 3605 756 3658 1113313
781 3605 808 3658 V
