2586 3922
194 165 259 230 316
548 163 807 231 0.sas-scr‚1-s

138 309 354 405 ξ.ῩγΞέΞοΜ.1141.
644 327 709 392 866

193 438 266 510 Quis
291 437 364 499 deus
386 438 443 498 hoc
466 437 597 498 medium
620 438 780 498 flammavit
804 438 936 499 crinibus
960 457 1075 519 aurum,

260 528 352 588 lussit
375 536 404 587 et
427 530 458 587 in
483 526 581 587 dumis
605 525 739 586 sentibus
764 545 829 587 esse
854 525 973 588 rosam?

193 618 310 696 Aspicis
333 625 367 676 ut
389 618 488 693 magni
512 623 616 677 coeant
638 617 670 676 in
695 614 798 676 foedus
822 624 967 677 amantes:

260 705 383 767 Martem
408 706 493 784 spina
516 705 617 784 refert⁷
640 705 694 766 llos
718 704 843 766 Veneris
865 707 995 785 pretium
1020 714 1074 767 est.
1097 741 1137 750 —

193 848 271 919 Quid
293 847 348 908 tibi
372 866 439 909 cum
463 849 587 926 magnis,
610 865 694 926 puer,
718 854 772 926 est,
794 847 912 926 lascive,
936 846 1072 927 sagittis?
1172 869 1184 910 s

261 936 324 998 lloc
347 936 454 997 melius
477 936 537 996 telo
559 954 693 1016 pungere
718 935 806 996 corda
828 936 926 1016 potes!

193 1026 255 1087 Neo
279 1026 412 1087 flammas
436 1043 561 1105 quaeras
585 1043 682 1105 neque
705 1017 776 1086 'falti
798 1029 929 1104 pectoris
952 1029 1047 1106 ignis:

261 1114 293 1176 Si
315 1115 371 1175 tibi
393 1134 445 1175 ver
468 1122 584 1175 tantum
607 1114 748 1193 praebeat
770 1117 835 1193 ista,
859 1125 905 1176 sat
928 1124 981 1176 est.
1006 1149 1047 1160 —

193 1257 313 1318 Pallens
335 1256 429 1317 herba
451 1258 540 1316 viret:
564 1256 645 1316 color
668 1264 715 1316 est
736 1257 785 1318 hic
809 1275 928 1336 semper
950 1266 1107 1319 amantum.
1265 1319 1266 1356 p

261 1347 334 1407 'lam
357 1346 480 1424 fugitiva
503 1364 571 1406 rosa
594 1352 640 1406 est
663 1365 750 1425 quam
774 1346 915 1424 fugitivus
939 1366 1030 1408 amor.
1162 1369 1186 1408 ro
1265 1357 1266 1402 ἲ

192 1435 266 1496 Nam
290 1435 369 1514 quod
391 1435 552 1495 floricomis
576 1434 684 1513 gaudet
706 1435 813 1496 lasciva
837 1435 972 1515 metallis,
1265 1433 1266 1436 ’

259 1526 372 1586 Aurum
396 1524 543 1603 significat
565 1524 653 1584 vilius
678 1542 743 1584 esse
768 1543 842 1585 rosa.

139 1697 166 1790 {j
179 1698 260 1792 limam.
645 1715 708 1780 857

193 1827 303 1888 Fabula
328 1829 482 1888 constituit
505 1833 565 1887 toto
588 1828 743 1887 notissima
765 1827 876 1889 mundo

261 1917 431 1995 Gorgoneos
454 1915 553 1976 vultus
577 1916 790 1995 saxificumque
814 1917 906 1977 nefas.

161 2049 162 2054 η
192 2005 255 2066 lloo
278 2013 445 2067 monstrum
468 2012 573 2065 natura
595 2011 702 2084 potens
725 2006 853 2066 novitate
877 2008 984 2066 veneni

259 2093 303 2154 Ex
327 2094 421 2154 oculis
444 2096 555 2155 nostris
579 2096 708 2155 iusserat
731 2113 796 2154 esse
820 2095 940 2155 malum.

192 2182 275 2246 Hanc
299 2202 370 2245 auro
394 2185 513 2261 genitus
535 2183 611 2244 lovis
636 2183 696 2244 ales
718 2183 856 2263 praesule
880 2183 946 2245 diva

265 2371 334 2428 866.
367 2374 405 2425 In
423 2374 614 2441 antiquissimo
636 2373 757 2428 Terentii
784 2374 873 2428 codiee
891 2375 1025 2428 Bembino
1050 2373 1153 2442 (Vatis.
1265 2397 1266 2424 ς

193 2445 274 2513 3226)
306 2444 354 2510 fol.
375 2448 408 2497 96
437 2452 501 2513 post
525 2444 664 2515 Hecyram
691 2462 777 2498 monn
795 2461 815 2499 s.
831 2446 894 2499 XV
921 2446 967 2514 (cf.
990 2446 1094 2499 Terent.
1114 2445 1153 2499 ed.
1265 2447 1266 2508 J

198 2515 548 2584 Unipfenbnchp.XH1),
567 2547 602 2556 -
616 2518 650 2570 uh
669 2516 775 2586 Anpelo
794 2517 937 2571 Potitium
956 2523 1020 2571 teste
1036 2516 1155 2570 Heinsio
1265 2517 1266 2588 J

191 2617 227 2625 -
241 2587 368 2641 additum
372 2607 383 2653 ;
401 2588 494 2641 eodeni
510 2594 577 2641 certe
595 2604 689 2654 monn,
704 2604 773 2656 quoe
791 2593 876 2642 totum
894 2589 1011 2642 codicem
1029 2589 1153 2642 correrii.
1265 2621 1266 2632 ³

194 2657 306 2740 Contuli
329 2675 353 2710 a.
375 2663 452 2741 iulo.
491 2658 827 2742 ‘Draconiii'lBoehr'ens
866 2660 1007 2728 Alleporia
1030 2665 1157 2742 rosacei
1265 2655 1266 2672 ¹

191 2745 345 2854 atne.
365 2731 902 2869 mutinensium}
921 2729 1155 2857 litassent
1265 2775 1266 2832 ÷

191 2887 255 2926 rens
290 2871 422 2940 vepribus
442 2873 577 2927 Heinsius
656 2871 785 2925 ndensis
805 2874 952 2927 Buecheler
970 2875 999 2926 ei
1017 2872 1155 2926 inclusam
1265 2905 1266 2908 =

192 2943 334 2997 Baehrens
406 2949 422 2996 3
442 2943 563 2998 amantis
582 2943 640 2998 eod.
714 2949 729 2996 ὁ
750 2942 817 3008 Quis
837 2985 864 2998 ..
884 2944 1010 2998 lasciuae
1028 2945 1087 2998 eorl.

193 3018 208 3065 6
227 3029 352 3083 pongere
371 3031 394 3068 c.
414 3014 489 3084 potis
508 3015 564 3070 eoi.
657 3019 671 3066 ⁷
692 3013 744 3067 alti
762 3015 820 3068 coel.
858 3014 952 3069 anheli
972 3016 1121 3070 Buecheler

193 3085 231 3137 sii
248 3086 281 3137 ui
299 3084 352 3138 alti
370 3087 511 3141 Baehrens
584 3090 600 3138 8
620 3085 668 3138 Set
686 3085 741 3138 tibi
759 3101 809 3139 uer
827 3088 946 3139 nantum
964 3089 1082 3156 proueni
1100 3087 1155 3140 istu

191 3155 263 3210 fecis
286 3158 343 3212 eod.
382 3157 411 3210 Si
431 3199 459 3211 ..
479 3160 523 3211 sai
550 3159 594 3210 est
620 3157 719 3224 scripsi
754 3157 867 3210 lanium
894 3159 1043 3213 Buecheler
1078 3157 1155 3212 faces

192 3229 270 3282 lieni.
344 3234 359 3281 9
380 3227 447 3282 orba
465 3230 522 3283 cod.
564 3229 631 3282 Trio
649 3229 848 3298 epiproninate
865 3230 993 3283 distineri.

264 3333 332 3389 set.
365 3337 403 3388 ln
420 3335 510 3390 eodeni
529 3335 663 3388 Bembino
681 3335 728 3400 fol.
749 3339 783 3388 97
793 3353 816 3389 r.
835 3353 856 3390 e.
872 3337 932 3390 XV
954 3336 1047 3390 eodeni
1070 3353 1155 3390 manu

192 3406 326 3459 additum.
363 3405 411 3458 Au
438 3407 631 3472 ἀποτροπαῐον
658 3411 760 3486 spectat
851 3407 988 3460 imondo
1007 3408 1065 3463 coel.

192 3483 209 3529 4
223 3474 265 3528 Ex
285 3475 361 3528 Trux
369 3477 518 3531 Buecheler
553 3476 594 3528 Ex
605 3475 692 3529 ocuhs
708 3492 767 3530 esse
779 3477 808 3530 ‘i
818 3495 838 3532 e.
849 3495 906 3532 non
915 3480 1043 3546 spectari'
1052 3480 1154 3532 Ziehen

237 3553 253 3600 ὁ
300 3564 352 3600 unc
371 3546 442 3603 ales:
464 3548 616 3618 Goryonern
635 3549 751 3602 Perseus
768 3563 818 3616 pre
837 3548 895 3602 sole
914 3550 981 3616 eorl„
999 3551 1113 3604 correxi.
