2582 3924
533 265 560 320 Ο.
578 271 638 334 761,
649 280 729 320 aa—ea

156 433 239 494 Alter
262 433 373 513 ubique
397 451 488 511 vagus
513 450 618 511 graece
642 435 788 492 vocitatur
811 432 942 492 horizon.

158 523 244 583 Solus
269 531 336 600 eget
358 531 456 582 terrac
480 523 585 601 spatiis
608 529 642 582 ut
664 521 750 581 limes
773 523 805 581 in
829 523 917 581 astris

156 612 319 672 Dimidium
343 612 486 690 sphaerae
509 613 669 671 momentis
692 610 831 671 omnibus
855 610 975 670 abdens.

158 701 235 780 Ergo
260 700 363 761 decem
388 701 477 761 circis
500 707 580 760 totus
603 701 735 760 variatur
757 698 908 779 Olympus,

44 823 50 830 ·
111 804 141 843 40
158 791 201 850 Ex
226 790 334 870 quihus
358 789 408 850 ille
432 789 504 850 latet
527 807 646 868 semper
669 791 720 868 qui
745 789 854 848 dicitur
877 791 980 867 austri

159 878 233 940 Cum
256 878 344 939 uobis
367 897 530 957 numquam
554 877 644 938 lateat
666 881 717 957 qui
741 880 874 939 continet
897 886 1003 938 arctos.

158 969 240 1028 luter
262 976 406 1046 utrosque
430 975 529 1028 tamen
553 967 632 1046 quod
655 967 725 1026 hinc
748 966 833 1044 levat,
857 966 967 1027 occidit
989 965 1058 1026 illic.

157 1059 294 1118 Arcticus
319 1057 366 1117 his
390 1058 484 1135 signis
508 1057 612 1117 finitur
635 1055 779 1116 circulus:
804 1064 886 1116 extra

158 1146 254 1207 Laeva
277 1146 378 1207 Bootis
402 1149 481 1206 inest
504 1145 607 1206 dextro
632 1164 700 1205 cum
722 1145 834 1224 poplite
858 1145 934 1205 ssexo

112 1249 142 1288 4⁵
158 1235 296 1296 Herculis
319 1237 415 1295 innixi
437 1234 573 1314 pedibus
597 1237 710 1294 umeris
734 1253 851 1313 quoque
875 1233 999 1314 Cephei3

159 1325 235 1386 'lum
259 1325 493 1404 siliquastrensis
516 1325 611 1402 tangit
635 1324 761 1383 confinia
784 1322 873 1383 basis.

160 1414 330 1474 Solstitialis
355 1420 384 1473 et
406 1414 462 1473 hoc
487 1414 639 1492 signorum
663 1412 756 1472 limite
781 1421 909 1472 constat:

158 1505 303 1564 Arcturus
327 1502 485 1582 lapsusque
510 1520 597 1581 genu,
621 1501 749 1581 Cepheia
772 1503 910 1580 coniunx,

160 1594 312 1671 Anguiger
335 1592 488 1670 oblongus,
512 1593 596 1651 curvi
619 1609 737 1670 quoque
761 1592 891 1670 sinciput
914 1592 1020 1668 anguis

114 1682 183 1741 aoA
207 1683 324 1761 superis
347 1687 510 1758 tanguntur
534 1699 568 1740 eo
593 1698 661 1740 cum
685 1681 809 1758 coniuge
832 1678 934 1739 Persei

161 1765 231 1853 (Cui
255 1778 354 1831 tamen
378 1769 567 1849 arctophylax
592 1771 690 1829 estin
715 1771 862 1829 contraria
884 1786 988 1828 versus

159 1861 290 1938 Pegaseo
313 1862 431 1920 iunctae
455 1853 568 1942 medio)
591 1857 778 1937 pedibusque
804 1859 910 1917 marito

160 1949 219 2020 Qui
242 1957 341 2009 sectus
365 1949 446 2008 laevo
471 1947 570 2008 cubito
595 1967 662 2008 cum
687 1964 774 2007 crure
799 1949 920 2006 sinistro

159 2038 305 2099 Heniochi
329 2045 416 2117 caput
439 2044 473 2097 ut
496 2055 620 2097 currens
644 2055 679 2096 ex
703 2035 826 2115 pulvere
849 2033 959 2117 foedat3

114 2139 144 2180 ⁶5
160 2127 212 2188 llle
236 2136 335 2188 tamen
359 2128 444 2205 quasi
468 2126 530 2186 lora
552 2133 659 2186 tenens
681 2124 757 2204 pede
782 2143 893 2185 cornua
916 2126 995 2185 tauri

159 2217 307 2296 Deprimit
328 2214 364 2276 'ac
388 2216 514 2294 geminis
537 2217 671 2275 traiectis
696 2214 823 2293 denique
848 2213 931 2273 collis

161 2307 242 2367 lnter
265 2305 406 2366 asellileri
430 2306 584 2382 consurgit
606 2303 718 2364 lumina
743 2305 852 2381 cancri,

161 2395 293 2456 Currens
317 2413 372 2473 per
393 2401 508 2474 pectus,
532 2400 665 2453 ventrem
689 2392 864 2472 lumbosque
888 2392 983 2453 leonis

160 2484 278 2562 Perque
303 2491 392 2562 caput
415 2483 607 2561 dextramque
632 2481 707 2542 alam
729 2482 879 2542 volitantis
902 2481 1001 2541 oloris.

117 2585 146 2624 60
161 2573 219 2644 Qui
241 2572 318 2632 lucis
341 2574 497 2652 noctisque
519 2589 608 2649 pares
633 2570 681 2631 dat
704 2570 835 2630 circulus
859 2570 946 2630 horas

161 2664 270 2722 Arietis
293 2664 352 2721 ima
375 2661 485 2740 pedum
510 2663 617 2740 recipit
639 2662 763 2738 vestigia
786 2661 916 2739 primum

162 2751 387 2830 Semibovisque
412 2769 490 2830 genu
512 2749 658 2827 praecidit
681 2757 711 2810 et
733 2750 864 2827 inguinis
891 2749 965 2826 eius

161 2841 268 2901 Vltima
291 2859 379 2920 quem
404 2839 482 2901 ludit
503 2845 611 2916 putens
634 2840 720 2898 urina
745 2837 882 2918 deorum3

162 2929 298 2991 Sustinet
321 2937 350 2990 et
373 2930 507 3008 geminos
530 2927 624 2988 flexus
649 2946 684 2987 ex
708 2945 759 2988 ore
784 2926 929 3004 draconis,

120 3028 148 3069 ⁶5
162 3019 231 3080 Exit
254 3027 285 3079 et
307 3037 323 3078 a
347 3017 473 3097 genibus
497 3017 584 3095 longo
609 3024 748 3096 serpente
771 3015 862 3094 ligati,

235 3231 268 3279 36
287 3225 430 3280 uocitatus
454 3227 481 3280 V
514 3226 608 3279 orizon
631 3225 658 3278 V
690 3223 770 3277 orion
789 3225 817 3277 P
883 3227 916 3274 38
936 3222 1042 3275 addens
1068 3222 1094 3275 V

164 3303 198 3350 44
217 3315 281 3352 eum
301 3299 398 3352 dextro
418 3299 446 3351 P
516 3303 550 3350 45
569 3295 664 3349 innexi
688 3297 716 3349 P
749 3294 824 3347 hum.
855 3294 917 3348 PV
950 3309 1005 3362 quo
1027 3309 1076 3346 om.
1102 3292 1128 3344 V

235 3375 268 3423 47
288 3369 380 3422 limite
400 3371 428 3423 P
453 3374 478 3422 et
500 3385 533 3422 etc
560 3385 627 3423 corr.
654 3368 680 3421 V
766 3373 799 3418 49
819 3365 941 3434 siucipre
965 3366 992 3419 V
1024 3363 1125 3431 anguis

170 3443 196 3495 V
229 3457 273 3494 an.
294 3442 321 3495 P
392 3439 499 3504 altini
524 3441 550 3494 V
584 3438 635 3492 Cui
654 3439 739 3506 caput
759 3439 788 3490 et
805 3436 907 3490 thorax
926 3437 1054 3489 Boreion

164 3513 329 3566 seiunctae
354 3512 380 3565 V
412 3510 525 3564 uinctae
544 3513 573 3565 P
606 3509 703 3563 mariti
721 3510 849 3562 Bursian
921 3513 956 3560 54
974 3506 1054 3578 fedat
1078 3507 1105 3560 V

163 3583 243 3637 fedat
262 3584 290 3638 P
360 3587 394 3635 60
414 3598 476 3636 oras
502 3583 529 3637 V
562 3581 650 3635 Semis
669 3581 806 3650 bonisque
826 3582 854 3634 P
924 3584 957 3631 63
977 3593 1031 3646 que
1050 3575 1124 3629 infu-

164 3655 207 3708 dii
230 3655 257 3708 V
