2586 3922
391 225 570 280 ADDENDA
588 224 636 278 ΕΤ
655 225 891 280 CORRIGENDA
993 281 997 292 ,
1057 226 1124 290 385

158 393 255 473 gradu
283 412 367 454 suem
395 385 454 452 sibi
486 395 611 470 quisque
642 394 800 453 materiam
831 395 975 472 eligentes
1007 396 1122 453 maiore.

157 482 293 544 carmine
338 485 550 559 componerent
596 474 820 564 (627-638).
866 484 974 542 Nullus
1022 485 1122 542 eutem

159 591 263 632 eorum
284 573 409 648 reliquis
427 573 524 629 maior
541 573 676 631 minorve
698 571 877 646 hebebatur3
901 592 993 648 quere
1017 592 1121 648 quom·

156 681 250 738 quam
272 661 399 720 eundem
421 660 575 720 nominum
598 661 732 720 ordinem
749 663 781 719 in
805 661 941 720 omnibus
965 661 1120 721 dodecodi-

157 752 214 811 bus
238 751 389 810 servatum
416 749 564 826 videmus,
591 753 692 809 tomen
715 769 752 809 ne
780 751 939 826 quisquam
967 751 1122 810 efferretur

154 842 206 901 vel
229 841 479 914 contemneretur,
505 841 636 915 primum
657 840 756 898 locum
778 839 810 897 in
837 858 1017 915 unoquoque
1045 842 1120 899 serie

155 931 236 989 nlius
260 948 362 988 eorum
386 931 416 987 ot
438 928 464 986 is
494 928 612 1003 quidem
641 930 693 1004 qui
719 929 828 1005 prioris
856 928 1013 987 dodecedis
1039 931 1120 1003 prin·

156 1020 257 1095 eipem
280 1018 415 1093 sequitur
436 1019 532 1091 tenet,
560 1017 627 1076 idco
651 1019 682 1075 et
703 1016 886 1092 reliquorum
910 1017 981 1077 ordo
1004 1019 1120 1076 ratione

154 1110 240 1166 certe
271 1106 420 1165 instabilis
453 1108 504 1165 est
560 1105 602 1165 Vt
633 1107 801 1181 exemplum
833 1107 968 1181 offeram,
1006 1109 1058 1182 qui
1088 1107 1121 1164 in

155 1199 257 1273 primo
280 1195 355 1254 serie
378 1197 569 1254 enumeretur
590 1195 706 1269 tertius,
730 1193 883 1269 socundus,
898 1198 943 1256 est
960 1198 993 1254 in
1016 1197 1121 1270 altere,

156 1287 272 1362 primus
286 1284 319 1342 in
332 1285 431 1358 tertie,
450 1285 481 1341 in
504 1287 612 1359 quarte
636 1283 741 1342 deinde
764 1283 905 1341 ultimum
923 1285 1020 1345 locum
1034 1304 1120 1344 oocu-

154 1377 220 1450 pot,
243 1375 275 1431 in
300 1371 405 1449 quinte
427 1373 657 1451 paenultimum,
682 1373 777 1431 etsie
801 1372 938 1448 deinceps
966 1374 1119 1450 progredi-

154 1467 207 1522 tur
229 1481 324 1538 usque
349 1461 386 1521 ed
411 1464 553 1537 quartum
582 1462 688 1522 locum.
734 1461 800 1521 Iam
826 1464 900 1537 puto
927 1462 1120 1540 intellegetur

154 1551 318 1611 artificiose
331 1551 387 1610 illo
409 1550 606 1625 concinnatio,
630 1569 706 1627 quoe
719 1553 752 1610 in
765 1552 869 1627 paucis
883 1549 967 1609 libris
990 1552 1116 1610 vetustis

155 1643 188 1699 et
210 1643 322 1718 optime
346 1642 479 1698 omnium
501 1642 533 1697 in
559 1639 583 1700 0
605 1640 714 1714 elucet,
737 1639 769 1697 in
792 1640 860 1698 aliis
883 1642 913 1698 et
936 1641 968 1698 in
994 1643 1119 1699 recenti-

154 1729 213 1796 bus
237 1729 387 1788 codicibus
412 1721 478 1809 (ubi
500 1729 645 1787 nonnulle
668 1747 771 1788 eornm
792 1728 927 1806 Vergilio
951 1729 1119 1788 attribuun-

154 1811 221 1900 tur)
245 1822 276 1878 et
298 1821 331 1876 in
354 1817 440 1878 editis
464 1819 537 1876 setis
561 1819 732 1892 frequenter
755 1818 957 1877 conturbetur.
979 1817 1119 1893 -Opti-

157 1927 224 1968 mus
248 1907 383 1967 codioum
407 1906 706 1981 accuratissimusque
729 1908 925 1967 Parisinus
948 1910 993 1966 est
1018 1909 1119 1966 8069

155 1989 346 2080 (Thueneus)
385 2016 474 2072 quem
511 1995 572 2053 dixi
607 1995 637 2054 0.
683 1995 841 2055 Librorum
877 1997 1008 2056 familias
1046 2015 1118 2072 ques

153 2109 185 2164 p.
200 2089 240 2147 59
260 2086 392 2146 breviter
409 2086 550 2160 indicavi,
568 2084 705 2160 pluribus
725 2085 871 2161 explicare
890 2085 998 2144 taedet.
1035 2085 1118 2161 Ipso·

154 2197 223 2235 rum
254 2179 411 2252 poetarum
438 2175 534 2234 vitem
565 2174 654 2250 plene
686 2176 868 2252 ignoramus,
900 2193 969 2232 cum
1000 2178 1119 2249 praeter

155 2284 180 2324 o.
197 2266 270 2340 638,
294 2285 353 2340 quo
372 2265 508 2323 lulianus
527 2264 667 2323 Asmenio
686 2263 765 2322 diem
783 2265 915 2322 natalem
938 2263 1117 2340 gratuletur,

152 2357 186 2412 et
208 2356 235 2413 si
257 2357 302 2414 vis
327 2373 350 2412 c.
371 2355 435 2414 630
464 2353 621 2412 Eusthenii
649 2352 684 2411 de
707 2353 823 2412 Achille
851 2356 882 2412 et
910 2354 972 2411 631
998 2352 1117 2428 Pompi-

153 2443 230 2501 liani
253 2442 288 2501 de
307 2443 444 2517 Hectore,
467 2461 544 2517 quoe
566 2442 620 2500 hos
644 2441 717 2502 duos
741 2443 820 2500 inter
843 2442 1024 2501 semanimo
1048 2460 1117 2500 con-

152 2533 271 2590 innotos
294 2533 385 2590 fuisse
414 2531 534 2606 docent,
561 2531 638 2596 nihil
661 2531 699 2588 ed
727 2531 806 2606 ipsos
835 2534 971 2606 spectans
998 2532 1031 2589 in
1054 2549 1116 2589 cer·

152 2619 284 2680 minibus
308 2613 428 2699 extet.“]

220 2789 371 2858 Iiibrllm
393 2798 602 2875 Vergilianum
626 2790 650 2857 (l
687 2799 759 2856 fasc.
778 2796 794 2855 I
816 2817 844 2872 p.
863 2796 932 2855 XLI
965 2798 1115 2873 descripsi.

153 2887 237 2946 Haec
268 2887 358 2946 addo:
391 2887 480 2946 foll
510 2890 579 2947 onte
605 2905 628 2945 o.
649 2887 735 2961 83,4
770 2885 927 2944 Claudiani
960 2887 1052 2964 epigr.
1074 2888 1114 2945 32

153 2969 290 3058 (Dulcis
309 2976 401 3035 mella
418 2976 540 3034 mibi...
555 2976 645 3034 mello
664 2977 771 3052 putore
790 2967 900 3055 decet’)
920 2974 1024 3050 hebet3
1047 2978 1117 3051 post

150 3068 185 3123 in
209 3065 312 3124 eodem
335 3067 405 3125 sunt
428 3083 450 3123 c.
473 3065 545 3139 746,
571 3067 644 3140 740,
665 3066 737 3140 716,
757 3065 831 3138 486,
852 3065 925 3137 733,
946 3065 1019 3138 672,
1037 3066 1115 3139 741,

156 3157 311 3229 1,1-10,
334 3156 396 3213 elie
415 3153 453 3213 ad
471 3157 604 3212 nostram
623 3174 687 3213 rem
709 3173 769 3214 non
793 3154 969 3228 spectantia.
1017 3151 1114 3212 Codex

152 3245 300 3320 protiosus
324 3245 492 3303 scholarum
512 3243 582 3302 olim
601 3243 669 3302 usui
687 3242 853 3302 destinatus
872 3242 991 3302 videtur
1014 3243 1114 3301 fuisse.

155 3396 159 3402 ,
222 3334 405 3391 507—518.
444 3333 489 3390 Ex
507 3332 600 3391 simili
618 3335 779 3392 certamine
797 3333 914 3407 poetico
934 3334 1001 3390 o1to
1019 3331 1115 3390 videri

150 3422 259 3482 volunt
281 3422 366 3481 hoec:

208 3537 328 3591 ‘Pascua
346 3554 449 3604 rusque
468 3555 570 3592 senens
589 3553 780 3609 perogromm,
798 3538 875 3592 bello
893 3536 1038 3605 sequebar,

158 3663 159 3666 ,
278 3609 411 3662 Nondum
429 3609 568 3664 finieram:
588 3609 724 3680 Virgilius
743 3609 836 3679 perii'.
856 3641 889 3649 -

207 3706 300 3746 Anchoe
314 3706 352 3746 ut.
367 3707 386 3745 1.
401 3709 413 3746 e
920 3704 952 3752 25
