2586 3922
167 238 232 302 334
513 236 541 292 0.
558 242 707 306 tem-ses,
718 252 769 290 1-2

111 400 250 494 aeae·
616 400 679 466 8⁹1

164 531 312 591 Infantem
335 529 486 609 Nymphae
510 530 667 608 Bacchum,
692 548 749 608 quo
772 536 906 609 tempore
931 529 966 590 ab
990 531 1059 608 igne

167 627 171 636 “
231 618 353 697 Prodiil,
377 622 530 679 inventum
555 619 609 680 suh
634 621 734 680 sinere
758 618 920 679 abluerant

165 708 208 769 Ex
231 708 281 768 illo
306 707 450 788 Nymphis
474 727 542 769 eum
565 708 681 769 Baeeho
705 710 799 786 gratia
822 707 914 768 multa
937 715 991 787 est7

232 797 391 858 Seiunctus
415 797 494 876 quod
518 799 557 857 sit
580 800 658 876 ignis
682 805 711 856 et
734 804 802 857 urat
825 796 928 882 adhue.

111 971 323 1066 sensae·
615 989 679 1054 892

325 1117 550 1180 Formosissima
573 1118 626 1179 Lai
649 1119 834 1197 feminarum,

324 1207 403 1268 Dum·
422 1209 519 1268 noetis
542 1209 672 1286 pretium
696 1207 751 1268 tibi
775 1210 905 1287 requiro,
969 1229 970 1234 ¹

324 1296 461 1374 Magnum
485 1299 626 1358 eontinuo
649 1298 726 1376 petis
748 1297 906 1358 talentum:

326 1385 413 1446 Tanti
436 1405 496 1446 non
521 1404 595 1464 emo,
620 1385 681 1464 Lai,
704 1419 748 1428 —-
770 1383 936 1467 paenitere!

109 1720 262 1760 nue-
614 1703 679 1767 8&

240 1825 402 1893 SEVERI
426 1825 583 1892 SANOTI
605 1826 752 1892 †IDEST
776 1824 1047 1890 ENDELEOHH

371 1963 519 2017 rhetoris
540 1964 590 2018 De
613 1962 782 2017 mortibus
804 1961 911 2016 boum

396 2070 526 2138 Aegon.
549 2070 710 2125 Buoolus.
735 2068 882 2134 uieynm.

162 2188 229 2267 Aeg.
297 2187 445 2258 Quidnam
469 2188 624 2267 solivagus,
648 2186 767 2265 Bueole,
791 2188 887 2247 tristia

297 2277 441 2339 Demissis
465 2279 594 2356 gnaviter
616 2275 779 2337 luminibus
803 2271 919 2354 gemis?

234 2467 303 2523 891.
335 2466 407 2521 Item
425 2468 453 2520 B
471 2469 512 2536 (p.
529 2472 579 2519 122
608 2468 647 2520 ed.
667 2467 784 2533 Dousa).
824 2463 988 2519 Conversum
1010 2481 1043 2518 ea
1064 2467 1135 2519 Me·

163 2539 261 2610 lecturo,
282 2539 364 2594 Antio.
386 2539 448 2593 Pal.
469 2539 518 2592 IX
535 2544 599 2591 331:

215 2627 253 2682 Αἱ
271 2628 393 2697 Νύμφαι
410 2626 461 2681 τὸν
480 2626 600 2697 Βάκχον,
620 2622 660 2679 ὅτ’
679 2625 709 2679 ἐκ
727 2625 816 2692 πυρὸς
834 2623 919 2694 ἥλατο
938 2631 1048 2691 κοῦρος,

269 2697 371 2768 Νίψαν
390 2697 459 2764 ὑπὲρ
478 2697 583 2767 τέφρης
601 2697 664 2764 ἄρτι
682 2694 854 2763 κυλιόμενον.

219 2769 346 2824 Tolosae
365 2770 416 2824 σὺν
434 2768 571 2837 Νύμφαις
590 2765 710 2837 Βρόμιος
728 2765 821 2836 φίλος·
848 2765 883 2835 ἢν
902 2766 935 2821 δέ
952 2787 998 2821 νιν
1017 2765 1117 2838 εἶ’ργῃς

268 2839 441 2910 Μίσγεσθαι,
460 2839 526 2912 δέξῃ
544 2848 600 2908 πῦρ
620 2839 660 2893 ἔτι
678 2837 837 2908 καιόμενον.

233 2947 303 3004 892.
335 2949 403 3016 Bp.
420 2949 524 3002 124ed.
541 2949 578 3002 D.
609 2946 652 2998 ‘In
666 2944 867 3000 Pelianthaeae
886 2944 958 2998 libro
978 2945 1015 2997 ad
1029 2961 1132 2999 vocem

162 3018 311 3073 Talentum
336 3019 496 3073 refenmtur
522 3019 553 3071 hi
580 3034 675 3071 versus
702 3019 735 3070 ut
753 3017 790 3070 M.
808 3016 866 3070 Val.
886 3016 1046 3070 Martialis)
1083 3017 1129 3082 Of.

164 3092 325 3146 Macrobius
344 3093 383 3145 ΙΙ
398 3097 421 3156 2,
434 3096 475 3144 11.
548 3096 563 3142 2
584 3092 649 3142 tuae
669 3090 806 3143 Patisson.

234 3197 303 3252 893.
335 3197 440 3266 Inoipit
464 3213 575 3250 carmen
598 3195 692 3250 Severi
711 3195 806 3248 Sancti
834 3195 865 3247 id
892 3196 935 3248 est
958 3193 1130 3247 Endeleiehi

162 3269 293 3323 Rhetoris
313 3269 347 3322 de
366 3268 503 3322 mortibus
522 3269 607 3322 boum
626 3269 654 3322 P
666 3293 700 3312 =
716 3267 846 3320 Pithoeus
864 3267 896 3319 e'n
915 3265 1057 3320 ‘Veterem
1072 3267 1126 3318 ali-

144 3346 227 3407 ·quot
254 3340 363 3394 Galliae
390 3341 571 3409 theologiarum
598 3339 722 3406 seriptis’
753 3338 873 3391 Pol-istis
901 3353 944 3404 ap.
972 3335 1130 3390 Nioelle'um

164 3415 232 3462 1586
251 3412 298 3476 fol.
315 3415 366 3464 144
380 3428 413 3476 n,
440 3411 515 3477 fonte
541 3427 598 3463 noes
625 3409 756 3464 indicato.
795 3409 879 3461 Hane
906 3409 945 3461 ed.
968 3409 1128 3476 principem

160 3497 251 3548 presse
270 3498 374 3550 sequor.
414 3480 518 3535 ‘Codex
544 3481 594 3532 ubi
622 3481 688 3532 sunt
707 3478 819 3532 ..item
847 3479 1053 3548 epigrammate
1082 3478 1130 3530 di-

162 3567 252 3616 uerso,
272 3552 345 3604 inter
363 3568 436 3618 quse
455 3568 551 3606 uersus
570 3549 698 3604 Endeliei
716 3550 751 3602 de
769 3549 906 3602 mortibus
924 3549 1034 3602 boum’:
1059 3551 1131 3603 leaeo

164 3623 291 3692 leyuntan·
310 3625 341 3676 e'oe
359 3625 481 3692 cataloyo
504 3623 634 3676 librorum
653 3623 813 3676 monasterii
830 3621 957 3689 St·0yan
978 3622 1021 3687 (e'o
1039 3622 1128 3688 Ima)
