2582 3924
509 195 537 251 (l.
554 201 626 266 723⁸,
646 211 713 252 s—tt

193 362 344 424 Ecclesiae
368 372 487 425 sanctae
510 365 576 424 iura
599 363 728 425 tenendo
752 382 844 424 sacra.

129 453 230 533 Ipsius
251 454 384 531 Augusto
406 453 549 515 sulcando
572 471 692 514 vomere
717 453 815 514 sulcos

197 541 408 604 Constantinus
433 545 493 604 eris
516 545 611 603 maior
634 545 665 602 in
689 544 824 623 imperio.

127 632 181 692 Ast
202 629 255 691 uhi
277 631 324 692 vel
348 631 465 712 quando
489 631 616 712 synodos
640 631 839 711 complectere
863 650 963 692 sacras

86 737 113 776 ro
195 719 351 801 Malebant,
375 723 497 800 proprio
520 721 577 782 hoc
601 729 665 782 erat
687 723 719 781 in
742 720 837 781 libitu.

127 808 275 888 Tempora
297 812 469 889 praeteritis
493 818 574 871 retro
599 810 716 871 defluxa
740 809 845 870 diebus

195 897 363 979 Testantur,
388 899 470 960 divos
493 900 548 960 has
571 902 724 979 peregisse
749 898 835 959 solos

127 987 172 1048 dd
196 1006 270 1066 quas
293 1007 369 1068 papa
392 981 481 1049 lsuos
505 988 645 1050 currebat
668 996 698 1049 et
720 991 785 1067 ipse
808 987 969 1065 Romanus,

105 1121 108 1130 .
196 1076 417 1138 Transmiserat
440 1096 567 1157 quorum
591 1080 673 1138 iussa
696 1077 825 1139 tenendo
849 1095 941 1138 sacra.

85 1181 111 1222 1⁶
127 1166 190 1227 Hoc
213 1164 326 1226 Nicena
349 1169 430 1229 canit
452 1185 570 1247 quoque
594 1167 807 1228 Constantinus
831 1169 862 1227 in
885 1169 958 1246 ipsa,

195 1254 315 1316 Ellulsit
338 1255 423 1316 dirus
445 1275 521 1337 papa
544 1255 633 1317 simul
656 1256 757 1317 lulius

126 1343 232 1405 Arrius
255 1344 311 1406 hac
334 1344 444 1406 cecidit
466 1352 547 1405 tanto
571 1345 697 1406 librante
721 1347 873 1424 magistro,

195 1433 300 1512 Aqua
323 1443 424 1495 sancta
448 1443 537 1514 caput
559 1437 648 1495 traxit
672 1453 772 1495 amore
796 1433 879 1494 fides.

128 1521 294 1583 Caloedona
318 1541 447 1602 sequens
470 1524 547 1584 lianc
569 1523 738 1584 Marcianus
763 1531 793 1584 et
815 1531 919 1584 auctor

84 1628 112 1668 no
194 1610 334 1672 Testatur
357 1613 469 1673 feriens
493 1613 675 1691 Eutychiana
698 1612 788 1673 labra.

127 1700 194 1761 Non
218 1708 296 1761 tacet
318 1702 374 1762 hoc
399 1701 465 1762 divo
489 1701 604 1780 fulgens
627 1702 784 1780 Ephesena
806 1702 940 1780 tropheo,

195 1788 356 1852 Theodosii
379 1791 496 1852 calcans
521 1790 657 1870 dogmata
680 1790 819 1852 Nestorii.

128 1925 159 1940 ..
183 1896 270 1939 mana
293 1872 419 1940 '‘deinde
443 1880 499 1940 lroc
522 1879 657 1960 pandunt
679 1882 745 1941 iura
767 1898 823 1960 per
845 1879 949 1939 orbem

196 1966 325 2046 Legibus
348 1977 472 2030 extensa
495 1987 618 2048 prorsus
642 1972 778 2049 utrisque
803 1986 894 2029 saera.

84 2072 112 2115 ro
129 2055 270 2135 [Quod]si
294 2067 400 2119 cuncta
424 2067 534 2119 canunt
557 2058 662 2138 synodi
685 2077 740 2138 per
763 2057 899 2136 dogmata
923 2075 1034 2136 sacrae,

197 2145 347 2207 Gondeoet
369 2147 488 2208 illarum
510 2167 563 2207 vos
586 2149 718 2208 retinere
743 2149 842 2208 ritum.

66 2231 75 2244 “
113 2234 194 2321 ⁴Non
218 2237 316 2296 minor
339 2237 498 2315 Augustus,
521 2239 620 2297 minor
643 2235 767 2297 esttibi
790 2255 887 2315 neque
911 2244 1051 2315 potestas,

196 2321 258 2384 Nec
282 2323 338 2385 tibi
361 2325 515 2386 dissimilis
539 2325 703 2405 imperialis
727 2345 808 2404 apex.

128 2413 255 2474 Bissona
278 2433 334 2474 nec
357 2414 464 2476 absunt
486 2414 570 2475 vohis
593 2414 699 2475 librata
722 2414 840 2493 talenta,

84 2518 113 2558 so
196 2502 277 2563 Velle
301 2506 340 2564 sit
362 2512 413 2565 aut
436 2523 523 2582 posse
547 2504 669 2565 alterius
692 2507 856 2583 proprium.

129 2591 246 2652 Sentiat
263 2591 337 2676 inde
363 2593 411 2653 dei
434 2592 565 2672 gaudens
589 2593 672 2672 plebs
696 2595 922 2671 incrementum,

196 2679 309 2742 Polleat
331 2691 361 2742 et
383 2691 482 2742 vestro
506 2691 640 2762 tempore
665 2691 766 2743 sancta
790 2681 873 2742 fides.

128 2769 182 2830 His
205 2770 332 2831 valitura
355 2770 441 2832 bonis
464 2780 563 2834 vestro
587 2771 753 2850 libramine,
777 2770 894 2848 Caesar,

198 2858 322 2921 Saecula
344 2869 523 2940 perpetuum
548 2861 618 2922 dent
641 2860 696 2921 tibi
720 2868 826 2921 cuncta
848 2859 951 2920 melos.

203 3083 344 3138 6Eoolee
369 3086 396 3139 V
464 3085 603 3156 lIspsius
628 3086 654 3138 V
725 3091 756 3138 13
777 3101 842 3139 suos
860 3084 1011 3153 currebant
1035 3086 1062 3139 V

131 3161 165 3209 15
184 3155 555 3223 communicatorem.
631 3163 663 3212 16
684 3157 766 3210 diuus
788 3161 800 3210 1
822 3172 898 3226 papa
922 3157 948 3209 V
988 3161 1020 3210 17
1040 3157 1093 3210 hac

129 3227 169 3282 sic
194 3227 222 3280 V
290 3231 323 3280 19
343 3227 501 3301 Calcedona
524 3230 555 3283 V.
594 3228 721 3298 synodos
741 3230 923 3284 Chalcedonio
941 3247 966 3284 a.
983 3234 1043 3283 451.

131 3302 165 3350 20
185 3297 348 3352 eutichiana
370 3299 397 3352 V
467 3306 499 3353 21
520 3301 647 3371 Quodne
675 3301 821 3370 Epheaeua
843 3318 868 3354 a.
884 3304 944 3354 431.
982 3302 1094 3370 Erpone

130 3385 153 3424 o.
170 3374 203 3422 21
223 3385 261 3437 sq.
281 3377 346 3425 aute
364 3387 387 3426 c.
405 3377 437 3424 19
453 3373 577 3440 portendi
592 3371 676 3426 mont?
751 3377 783 3424 13
799 3370 829 3442 ll]
842 3385 926 3424 mana
945 3371 1054 3426 deinch.
1072 3373 1098 3426 V

203 3445 237 3492 25
257 3457 282 3512 lp
302 3441 326 3494 ai
350 3442 377 3495 V
410 3441 490 3507 Quod
509 3442 609 3496 addidi
681 3447 714 3494 21
735 3443 862 3512 Augusto
883 3458 912 3496 es
930 3445 1033 3497 conieci

132 3515 165 3566 28
185 3510 317 3566 disimilis
341 3514 368 3566 V
445 3519 478 3567 29
498 3513 626 3584 (Bissena
644 3514 794 3583 Bollera'ul)
867 3517 905 3566 30,
919 3515 959 3568 elo
983 3514 1009 3567 V

132 3586 164 3636 31
186 3581 221 3637 di
245 3584 273 3638 V
304 3583 385 3652 ploba
411 3586 437 3639 V

185 3682 282 3725 Anthol.
291 3683 331 3722 lat.
345 3684 364 3724 1.
380 3686 397 3724 2.
846 3678 879 3724 14
