2598 3922
182 234 246 298 192
553 235 581 290 0.
598 239 670 304 719¹,
684 251 778 293 et-11o

178 400 265 462 Nune
285 419 397 462 eormre
419 404 570 482 incipiam,
593 405 733 482 qnoniam
756 406 949 464 convenimus
973 404 1058 466 umbo

177 490 330 552 Montibus
353 493 384 551 in
407 493 531 552 nostris:
556 492 691 552 referunt
713 491 749 553 ad
772 491 870 554 sideru
892 492 992 553 valles.
1155 517 1185 558 ss

178 579 303 658 Magnus
327 580 363 641 ab
387 583 504 659 integro
528 579 695 642 saeclorum
718 583 853 642 nascitur
876 581 957 642 ordo.

178 668 273 730 Maius
297 688 372 748 opus
395 688 511 731 moveo:
534 669 637 730 laudes
661 678 691 731 et
714 671 790 731 iectu
812 673 953 750 parentis.

179 757 254 819 Nam
277 776 375 838 neque
399 767 485 820 erent
507 766 656 820 astrorum
678 761 763 838 ignes
786 777 842 820 neo
864 759 981 821 lucidus
1005 761 1107 822 aethra

179 846 301 909 Siderea
323 847 419 927 polus,
442 856 472 909 et
494 866 552 908 nor
576 847 703 909 obseura
726 847 854 910 tenebat.

176 935 255 997 'lum
277 944 363 1016 puter
386 939 582 1017 omnipotens,
606 936 695 998 rebus
718 939 778 998 iam
796 937 862 998 luee
885 941 1015 1018 retectis,
1043 974 1046 979 -
1156 962 1185 1002 oo

177 1025 255 1086 Aera
279 1025 402 1086 dimovit
424 1025 615 1088 tenebrosum
639 1035 669 1088 et
693 1026 815 1106 dispulit
837 1025 967 1087 umbros.

178 1114 330 1194 Principio
354 1115 468 1176 caelum
492 1123 522 1176 et
544 1123 641 1176 terras
665 1115 816 1196 solemque
840 1114 995 1178 cadentem

180 1202 403 1283 Lucentemque
426 1204 547 1284 globum
570 1205 657 1266 lunae
681 1223 859 1284 camposque
883 1205 1040 1284 liquentes,

178 1291 282 1354 Noctis
304 1295 372 1371 iter,
396 1294 489 1354 stellis
512 1312 653 1355 numeros
677 1302 708 1355 et
730 1296 851 1354 nomina
874 1295 954 1373 iecit,

179 1380 261 1442 Vnde
284 1381 439 1443 hominum
461 1382 671 1462 pecudumque
693 1401 787 1462 genus
809 1385 946 1463 vitaeque
968 1383 1119 1444 volantum
1158 1407 1186 1447 oo

179 1470 216 1531 Et
240 1490 315 1551 quoe
339 1490 505 1532 marmoreo
529 1473 588 1533 lert
610 1481 742 1533 monstra
766 1471 821 1533 sub
845 1490 973 1551 aequore
996 1479 1114 1552 pontus.

117 1573 119 1580 ’
179 1558 217 1620 Et
240 1560 371 1621 medium
395 1561 456 1622 luoi
479 1568 566 1640 atque
589 1561 705 1622 umbris
728 1564 787 1622 iem
812 1560 917 1622 dividit
939 1560 1042 1622 orbem

176 1648 435 1730 Temporibusque
458 1668 561 1728 parem
585 1649 711 1711 diversis
734 1657 874 1730 quattuor
897 1669 1015 1711 annum.

179 1736 242 1798 Neo
264 1746 383 1818 torpere
407 1742 490 1817 gravi
511 1757 618 1818 passus
642 1757 695 1800 sua
718 1757 808 1818 regne
831 1747 953 1800 veterno
1027 1743 1034 1760 ³

178 1826 269 1888 Movit
292 1846 387 1907 egros,
411 1829 491 1889 euris
514 1847 625 1889 acuens
648 1827 783 1889 mortalia
807 1828 905 1907 eorde,

179 1916 216 1976 Vt
237 1919 334 1978 varios
358 1935 430 1978 usus
453 1917 624 1979 meditando
647 1916 824 1978 extunderet
846 1926 934 1979 artes,

179 2005 234 2064 llio
257 2024 351 2084 genus
375 2006 503 2068 indoeile
527 2025 561 2067 ae
585 2006 753 2087 dispersum
776 2005 926 2067 montibus
950 2007 1017 2066 eltis

177 2093 353 2174 Composuit
374 2095 529 2175 legemque
553 2095 643 2156 dedit.
667 2095 784 2156 dioione
806 2095 936 2156 tenebat.

179 2183 256 2244 Hine
279 2183 421 2263 populum
444 2184 502 2245 late
526 2202 627 2264 regem
651 2203 781 2264 aevoque
805 2183 969 2264 superbum

179 2272 344 2333 Venturum
368 2272 483 2333 excidio
508 2273 608 2335 doouit
630 2281 698 2353 post
721 2275 819 2334 exitus
842 2276 947 2352 ingens

108 2425 110 2429 ,
179 2361 281 2421 Viotor
304 2361 339 2422 ab
362 2362 493 2422 Aurorae
517 2362 634 2443 populis
658 2370 689 2423 et
710 2362 797 2423 litore
821 2361 921 2423 rubro.

178 2449 264 2511 luno
286 2453 368 2511 viotu
392 2458 531 2511 revocent
553 2454 641 2531 vireo,
665 2451 803 2512 caelestis
828 2451 912 2530 dono,

179 2539 316 2600 Deterior
340 2538 434 2601 donec
457 2540 599 2619 paulatim
623 2559 657 2601 ae
681 2540 800 2602 decolor
823 2548 903 2601 aetas

180 2629 217 2689 Et
239 2627 311 2689 belli
334 2627 432 2689 rabies
456 2637 486 2690 et
508 2647 592 2690 umor
614 2632 760 2691 suecessit
783 2628 920 2690 habendi.

179 2717 350 2797 Regnorum
373 2720 553 2779 inmemores
577 2721 716 2798 turpique
741 2718 880 2798 cupidine
905 2717 996 2797 eapti!

176 2807 263 2868 'lune
285 2809 384 2867 variae
408 2807 546 2869 inludunt
569 2816 684 2887 pestes:
708 2807 803 2869 malus
826 2807 948 2869 abstulit
970 2825 1056 2868 error

178 2897 344 2975 Aegyptum
367 2898 504 2976 viresque
524 2896 669 2958 Orientis:
693 2896 828 2958 miranda
850 2896 989 2957 videntur

177 2983 437 3064 omnigenumque
462 2985 549 3047 deum
574 2993 705 3046 monstra
727 2994 758 3046 et
780 2985 902 3047 latrator
924 2985 1046 3046 Anubis.

178 3073 256 3144 Ouid
281 3073 403 3135 delubra
425 3077 528 3136 iuvant
550 3075 767 3153 simulacraque
791 3074 856 3135 luoe
881 3072 1057 3136 carentum?

179 3162 244 3222 Non
267 3163 320 3224 tali
343 3163 451 3224 auxilio
475 3183 531 3225 neo
555 3163 761 3225 defensoribus
784 3166 851 3225 istis

177 3251 309 3332 Tempus
334 3260 412 3330 eget:
437 3273 505 3314 oum
528 3261 625 3314 vestra
650 3253 712 3313 dies
736 3253 922 3313 volventibus
946 3254 1030 3313 annis

250 3411 282 3460 87
303 3406 389 3460 Meris
489 3411 522 3460 88
542 3407 640 3460 aether
668 3408 712 3477 (os.
736 3409 805 3461 Aen.
827 3413 851 3474 3,
862 3409 924 3476 585)
1024 3411 1058 3460 90
1077 3405 1142 3460 luee

177 3477 262 3532 rectis
335 3483 367 3530 97
388 3477 484 3531 orbem
502 3481 557 3546 (em
575 3495 608 3532 eto
625 3479 660 3547 is)
753 3483 803 3532 102
822 3477 882 3532 Nee
909 3477 994 3542 [Hine
1012 3479 1143 3533 Boreion

178 3548 549 3674 Hiqlgebmeqelllcgrqltlgtmire
568 3549 688 3615 Schenkl,
712 3551 759 3604 sed
781 3551 815 3616 of.
836 3551 906 3604 Aeo.
926 3555 951 3617 8,
961 3555 1021 3604 687.
1042 3555 1066 3616 1,
1076 3553 1141 3620 494)
