2598 3922
437 213 465 268 u.
481 219 542 281 cns,
557 229 617 269 2-8.
642 215 670 270 c.
687 221 828 269 roa-701
1051 217 1091 280 ti
1097 219 1113 280 1

151 379 198 440 Sit
220 387 304 441 torus
328 387 359 441 et
380 379 451 442 lecti
474 383 579 460 genius
602 390 776 462 secretaque
800 375 914 461 'slonga

218 467 310 540 Oueis
334 477 437 530 tenera
460 473 492 531 in
514 479 650 531 nostrum
673 473 792 532 veneris
816 471 982 532 arbitrium.

121 557 229 636 sErgo
253 577 306 636 age
331 558 481 639 duremus,
505 561 639 640 quamvis
662 560 823 622 adoleverit
846 569 936 639 aetas,

216 647 399 728 Vtamurque
422 650 516 727 annis,
540 667 614 728 quos
636 666 720 709 mora
743 667 833 730 parva
856 658 946 711 tenet.

148 734 205 797 Fas
229 745 260 798 et
282 739 348 798 iura
372 740 474 798 sinunt
496 744 613 799 veteres
637 739 798 800 extendere
822 757 950 800 amores:

215 825 283 904 Fac,
307 827 366 886 cito
390 826 469 905 quod
493 834 631 906 coeptum
656 834 708 904 est,
732 845 792 889 non
816 830 876 889 cito
900 829 1045 890 desinere.

602 1055 667 1120 700

951 1161 1165 1205 B.H.1220.M.992.

569 1179 692 1266 [Ilum]
1044 1216 1170 1258 sewu.

309 1307 406 1370 Foeda
430 1311 530 1370 estin
555 1311 634 1370 coitu
659 1317 688 1370 et
710 1309 811 1370 brevis
835 1307 969 1388 voluptas

309 1397 346 1458 Et
368 1399 468 1460 taedet
490 1398 614 1459 Veneris
638 1399 738 1459 statim
761 1404 908 1477 peractae.

308 1485 374 1547 Non
397 1505 468 1566 ergo
492 1494 525 1548 ut
549 1487 680 1566 pecudes
703 1485 879 1548 libidinosae

309 1575 397 1636 Caeci
418 1579 557 1656 protinus
580 1578 731 1637 irruamus
754 1574 838 1636 illuc:

308 1663 383 1726 Nam
405 1664 572 1744 languescit
595 1684 678 1726 amor
700 1667 838 1744 peritque
861 1665 988 1726 flamma.

309 1753 368 1814 Sed
391 1757 436 1815 sic
460 1757 503 1816 sic
527 1757 592 1815 sine
616 1755 675 1815 line
699 1755 799 1815 leriati

308 1841 346 1902 Et
368 1850 467 1904 tecum
491 1846 641 1904 iaceamus
665 1843 842 1904 osculantes,

307 1930 364 1992 Hic
386 1932 487 1994 nullus
510 1933 595 1993 labor
618 1941 664 1994 est
686 1932 837 2012 ruborque
860 1932 976 1994 nullus:

307 2019 370 2082 Hoc
393 2023 476 2101 iuvit,
499 2023 581 2083 iuvat
604 2030 634 2082 ct
657 2022 708 2082 diu
731 2021 850 2082 iuvabit.

307 2108 371 2188 Hoc
393 2129 453 2171 non
478 2109 578 2172 delicit
602 2112 766 2189 incipitque
790 2129 917 2189 semper.

307 2589 455 2651 Accusare
480 2598 510 2651 et
533 2609 632 2652 amare
656 2599 790 2670 tempore
813 2610 873 2652 uno

308 2679 369 2759 Ipsi
392 2681 440 2739 vix
464 2679 519 2741 luit
541 2679 664 2741 Herculi
687 2680 853 2742 ferendum.

218 2867 340 2939 dlcnga
358 2869 390 2924 S:
414 2868 523 2938 sponda
547 2869 682 2923 Heinsius
717 2867 827 2938 lampas
851 2869 999 2924 Buecheler
1033 2867 1111 2923 lodix

144 2938 249 2994 mun
320 2943 337 2992 6
355 2940 429 2994 teret
446 2941 602 3006 Pantanus,
619 2939 707 2994 reete?
780 2945 795 2993 'l
815 2939 919 2994 celeres
938 2941 1040 2995 conieci

146 3009 225 3064 8Ac
242 3010 391 3065 Buecheler
426 3011 481 3064 uas
500 3011 635 3066 Schrader

221 3115 289 3172 000.
323 3115 531 3186 ‘Sequebantur
553 3117 621 3184 ista,
646 3118 696 3172 sed
715 3119 775 3172 sine
794 3117 919 3172 Petronii
942 3117 1035 3172 titulo.
1072 3118 1111 3172 Ac

144 3187 255 3258 priores
272 3186 317 3242 illi
336 3187 391 3242 duo
415 3187 559 3243 Phalaecii
582 3189 629 3242 vix
652 3188 725 3244 alius
743 3189 850 3244 fuerint
868 3199 954 3258 quam
972 3189 1108 3244 Petronii’

146 3259 274 3314 Biuetus.
314 3259 387 3314 Item
409 3261 509 3324 addidi
599 3260 702 3314 deieci
730 3261 887 3316 Baelnens!
977 3262 1108 3316 isaciim

146 3331 245 3386 Loeue
279 3331 394 3386 tractim
413 3333 562 3388 Buecheler
633 3331 749 3386 tinvat
767 3333 898 3404 Binetua]
916 3332 1032 3388 iuuitS

221 3437 288 3494 701.
323 3445 336 3492 1
357 3437 524 3492 Aerumncri
543 3441 685 3494 Bueluens
