2594 3920
182 202 226 266 30
571 203 756 270 cusas-o

182 368 276 431 Nosse
299 373 389 431 iuvat.
435 369 550 450 pondus
574 369 665 430 rehus
689 378 795 430 natura
818 370 926 430 locavit

182 458 355 539 Corporeis:
379 459 526 520 elementa
550 478 636 521 suum
661 461 737 538 regit
760 461 860 520 omnia
883 458 1008 538 pondus.

181 547 316 609 Pondere
339 556 419 609 terra
443 556 556 610 manet:
579 566 690 609 vacuus
713 567 831 628 quoque
856 547 996 627 ponderis
1020 548 1123 608 aether

181 637 333 698 lndelessa
356 641 435 717 rapit
456 637 601 698 volventis
625 637 723 698 sidera
746 637 858 698 mundi.
1173 657 1185 698 a

248 726 357 787 Ordiar
379 746 395 787 a
418 727 560 806 minimis,
584 726 746 806 posthaec
769 729 881 787 maiora
904 733 1076 805 sequentur.

181 816 255 877 Nam
280 819 375 882 maius
398 816 473 876 nihil
497 824 542 877 est
567 815 646 876 aliud
670 834 759 894 quam
782 815 875 876 multa
899 817 1022 875 minora.

181 905 343 967 Semioboli
367 905 490 985 duplum
514 913 559 966 est
582 905 695 984 obolus,
718 924 807 985 quem
831 903 962 984 pondere
987 903 1076 983 duplo

181 995 318 1055 Gramma
342 1003 455 1073 vocant,
480 993 623 1074 scriplum
646 997 742 1054 nostri
766 993 868 1054 dixere
891 995 1016 1072 priores.

182 1085 301 1144 Semina
325 1103 376 1144 sex
401 1084 451 1144 alii
475 1084 591 1163 siliquis
615 1083 760 1144 latitantia
784 1085 883 1144 curvis
1156 1104 1182 1143 ιο

180 1173 354 1234 Attrihuunt
376 1173 495 1252 soriplo,
519 1173 607 1233 lentis
630 1172 677 1232 vel
700 1191 790 1252 grana
814 1172 860 1232 his
884 1179 959 1250 ooto,

179 1263 237 1324 Aut
259 1262 383 1323 totidem
407 1261 518 1341 speltas
540 1270 699 1325 numerant
722 1264 859 1322 tristesve
883 1261 1002 1340 lupinos

179 1353 230 1412 Bis
255 1351 326 1432 du03
350 1350 403 1412 sed
427 1354 452 1411 si
476 1370 530 1431 par
553 1354 715 1429 generatim
740 1351 787 1410 his
810 1349 927 1429 pondus
950 1352 1073 1428 inesset,

180 1441 339 1502 servarent
362 1439 465 1501 eadem
490 1440 622 1500 diversae
645 1439 778 1519 pondera
801 1449 913 1518 gentes.

179 1530 265 1591 Nune
287 1532 415 1590 variant:
439 1532 549 1590 etenim
573 1537 679 1590 cuncta
701 1530 774 1590 haeo
797 1547 857 1589 non
880 1527 999 1588 foedere
1024 1535 1105 1588 certo
1156 1547 1181 1588 ιε

178 1619 317 1698 Naturae,
341 1618 393 1679 sed
417 1617 480 1698 lege
504 1619 602 1679 valent
625 1619 838 1696 hominumque
861 1619 998 1696 repertis.

179 1708 293 1788 Soripla
317 1711 374 1768 tria
399 1707 550 1786 dragmam
573 1710 712 1785 vocitant,
736 1727 794 1787 quo
818 1705 950 1786 pondere
975 1705 1069 1766 doctis

177 1798 300 1878 Argenti
323 1798 418 1858 facilis
442 1800 577 1877 signatur
599 1815 740 1858 nummus
762 1796 900 1876 Athenis3

178 1887 308 1966 Olceque
333 1906 348 1946 a
374 1886 493 1965 dragma
517 1905 576 1946 non
600 1905 633 1946 re
657 1886 710 1946 sed
732 1888 853 1947 nomine
878 1884 985 1944 differt.

177 1977 333 2055 Dragmam
358 1979 384 2036 si
407 1979 549 2055 gemines
574 1977 632 2036 erit
655 1978 680 2034 is
704 1995 792 2054 quem
818 1974 912 2034 dicier
935 1973 1019 2035 audis
1155 1993 1182 2033 so

178 2065 344 2126 Sicilioum:
370 2065 507 2143 dragmae
531 2064 674 2144 scriplum
698 2067 725 2125 si
748 2064 893 2143 adiecero,
918 2065 969 2122 het

178 2154 299 2215 Sextula
322 2173 397 2233 quae
422 2154 531 2234 lertur3
555 2172 622 2214 nam
647 2173 698 2214 sex
722 2155 769 2213 his
793 2155 881 2213 uneia
906 2159 1029 2213 constat.

178 2243 298 2304 Sextula
322 2261 390 2304 oum
415 2242 501 2321 dupla
527 2252 580 2320 est,
604 2251 721 2303 veteres
746 2242 846 2303 dixere
872 2241 1007 2302 duellam.

177 2334 268 2393 Vneia
292 2333 325 2392 ot
349 2332 478 2410 dragmis
502 2331 548 2392 his
572 2339 724 2413 quattuor3
747 2331 826 2393 unde
849 2329 1012 2410 putandum

178 2421 346 2482 Grammata
371 2421 457 2500 diota,
481 2420 560 2499 quod
583 2421 657 2481 haee
679 2423 784 2500 viginti
808 2429 838 2481 et
861 2426 1001 2498 quattuor
1023 2420 1055 2478 in
1079 2437 1110 2478 se
1153 2437 1179 2478 es

176 2512 266 2571 Vnoia
289 2511 391 2571 hahet:
414 2518 458 2571 tot
481 2513 561 2572 enim
585 2510 688 2570 formis
712 2529 766 2569 vox
790 2516 892 2570 nostra
915 2516 1041 2582 notatur,

176 2601 264 2660 lloris
288 2606 359 2678 quot
377 2599 506 2660 mundos
529 2601 646 2678 peragit
669 2607 846 2678 noctemque
871 2598 1017 2675 diemque.

176 2690 326 2768 Vneiaque
350 2692 381 2748 in
404 2688 480 2749 lihra
503 2707 572 2768 pars
597 2696 642 2750 est
665 2707 740 2767 quae
764 2691 876 2748 mensis
901 2689 931 2746 in
956 2704 1041 2746 anno.

175 2778 255 2838 Haeo
278 2797 383 2856 magno
407 2777 490 2838 Latio
514 2777 588 2838 lihra
613 2787 659 2838 est
682 2780 821 2856 gentique
845 2784 973 2855 togatae:

247 2992 373 3040 trerum
391 2987 494 3038 natura
508 2987 535 3040 A
562 2985 645 3040 rebus
660 2984 730 3039 A²B
757 2982 864 3038 locabit
878 2985 906 3037 A
961 2988 1084 3035 tuscus
1099 2979 1141 3034 A²

264 3055 378 3145 rdA¹
413 3092 524 3146 minuta
543 3094 570 3147 B
643 3091 804 3160 9Dragma
822 3092 858 3157 A,
880 3106 948 3144 corr.
968 3093 1033 3142 m.3
1072 3086 1138 3170 sori-

173 3163 272 3233 pnlum
291 3165 389 3233 ubique
408 3163 435 3216 B
508 3169 540 3216 11
560 3163 693 3217 Attrihno
711 3164 747 3229 A,
766 3179 834 3217 corr.
854 3167 918 3214 mi
981 3164 1013 3214 15
1033 3161 1137 3213 etemm

174 3237 286 3290 Ami
308 3237 336 3290 B
364 3236 521 3289 etenmA
548 3251 643 3304 ΜΤ.
718 3240 750 3287 17
769 3234 953 3289 triaztm.3
973 3232 1001 3285 A
1037 3230 1136 3283 drach-

172 3323 249 3360 mam
267 3307 355 3376 volgo,
374 3312 399 3360 et
416 3307 456 3360 sie
474 3308 552 3373 infra
635 3312 668 3360 18
686 3305 771 3360 focile
787 3307 815 3360 A
889 3309 921 3357 19
942 3305 1023 3372 que]
1063 3316 1136 3371 quae

173 3380 234 3433 AB
271 3377 317 3443 ab,
335 3378 382 3432 sed
400 3393 478 3442 corr„
498 3378 525 3431 A
562 3377 658 3431 eritis
677 3377 717 3448 A]
755 3377 847 3431 oderit
865 3379 893 3431 B
966 3380 999 3428 21
1020 3372 1136 3426 Silicuni

172 3451 209 3516 A,
228 3455 291 3503 teste
309 3449 478 3502 Baehreosio
545 3455 578 3501 24
597 3447 641 3502 bis
658 3448 711 3501 llIl
730 3451 757 3503 A
822 3453 855 3501 25
874 3448 1038 3516 Dragmata‚
1057 3463 1135 3510 cortu,

172 3523 247 3574 Aet
267 3537 317 3573 one.
337 3520 365 3573 Β
447 3525 488 3573 27.
509 3526 543 3573 26
563 3521 590 3574 A
611 3538 645 3573 m.
662 3537 705 3588 pr.
799 3524 831 3572 27
851 3519 883 3571 in
907 3534 937 3572 se
959 3517 1035 3571 horis
1060 3516 1135 3586 quod

171 3609 207 3644 m.
227 3592 346 3660 peraget
364 3589 405 3643 Α1
