<?xml version="1.0" encoding="UTF-8"?>
<!DOCTYPE html PUBLIC "-//W3C//DTD XHTML 1.0 Transitional//EN"
    "http://www.w3.org/TR/xhtml1/DTD/xhtml1-transitional.dtd">
<html xmlns="http://www.w3.org/1999/xhtml" xml:lang="en" lang="en">
 <head>
  <title>
</title>
<meta http-equiv="Content-Type" content="text/html;charset=utf-8" />
  <meta name='ocr-system' content='tesseract 3.04.00' />
  <meta name='ocr-capabilities' content='ocr_page ocr_carea ocr_par ocr_line ocrx_word'/>
</head>
<body>
  <div class='ocr_page' id='page_1' title='image "./carminaincodici00riesgoog_0154.png"; bbox 0 0 2598 3922; ppageno 0'>
   <div class='ocr_carea' id='block_1_1' title="bbox 184 205 784 274">
    <p class='ocr_par' dir='ltr' id='par_1_1' title="bbox 184 205 784 274">
     <span class='ocr_line' id='line_1_1' title="bbox 184 205 784 274; baseline -0.02 -4"><span class='ocrx_word' id='word_1_1' title='bbox 184 207 247 270; x_wconf 86' lang='lat'>144</span> <span class='ocrx_word' id='word_1_2' title='bbox 570 205 598 260; x_wconf 84' lang='lat' dir='ltr'>C.</span> <span class='ocrx_word' id='word_1_3' title='bbox 615 211 675 274; x_wconf 84' lang='grc'><strong>671,</strong></span> <span class='ocrx_word' id='word_1_4' title='bbox 690 220 784 260; x_wconf 79' lang='lat' dir='ltr'>ss-rrs</span> 
     </span>
    </p>
   </div>
   <div class='ocr_carea' id='block_1_2' title="bbox 180 371 1207 2413">
    <p class='ocr_par' dir='ltr' id='par_1_2' title="bbox 182 371 1202 452">
     <span class='ocr_line' id='line_1_2' title="bbox 182 371 1202 452; baseline -0.006 -18"><span class='ocrx_word' id='word_1_5' title='bbox 182 371 286 434; x_wconf 76' lang='lat' dir='ltr'>‘Parve</span> <span class='ocrx_word' id='word_1_6' title='bbox 311 373 405 452; x_wconf 83' lang='lat' dir='ltr'>culex,</span> <span class='ocrx_word' id='word_1_7' title='bbox 429 372 578 452; x_wconf 78' lang='lat' dir='ltr'>pecudum</span> <span class='ocrx_word' id='word_1_8' title='bbox 601 380 702 433; x_wconf 90' lang='lat' dir='ltr'>custos</span> <span class='ocrx_word' id='word_1_9' title='bbox 725 372 780 433; x_wconf 90' lang='lat' dir='ltr'>tibi</span> <span class='ocrx_word' id='word_1_10' title='bbox 804 373 861 433; x_wconf 90' lang='lat' dir='ltr'>tale</span> <span class='ocrx_word' id='word_1_11' title='bbox 884 375 1013 433; x_wconf 89' lang='lat' dir='ltr'>merenti</span> <span class='ocrx_word' id='word_1_12' title='bbox 1175 387 1202 428; x_wconf 83' lang='lat' dir='ltr'>ss</span> 
     </span>
    </p>

    <p class='ocr_par' dir='ltr' id='par_1_3' title="bbox 181 459 931 540">
     <span class='ocr_line' id='line_1_3' title="bbox 181 459 931 540; baseline -0.001 -17"><span class='ocrx_word' id='word_1_13' title='bbox 181 463 309 523; x_wconf 81' lang='lat' dir='ltr'>Funeris</span> <span class='ocrx_word' id='word_1_14' title='bbox 332 463 464 523; x_wconf 86' lang='lat' dir='ltr'>officium</span> <span class='ocrx_word' id='word_1_15' title='bbox 486 465 564 522; x_wconf 92' lang='lat' dir='ltr'>vitae</span> <span class='ocrx_word' id='word_1_16' title='bbox 587 480 641 540; x_wconf 93' lang='lat' dir='ltr'>pro</span> <span class='ocrx_word' id='word_1_17' title='bbox 664 480 789 523; x_wconf 86' lang='lat' dir='ltr'>munere</span> <span class='ocrx_word' id='word_1_18' title='bbox 813 459 931 522; x_wconf 87' lang='lat' dir='ltr'>reddit&#39;</span> 
     </span>
    </p>

    <p class='ocr_par' dir='ltr' id='par_1_4' title="bbox 182 551 1049 631">
     <span class='ocr_line' id='line_1_4' title="bbox 182 551 1049 631; baseline -0.002 -19"><span class='ocrx_word' id='word_1_19' title='bbox 182 552 258 613; x_wconf 89' lang='lat' dir='ltr'>Tum</span> <span class='ocrx_word' id='word_1_20' title='bbox 280 552 335 613; x_wconf 90' lang='lat' dir='ltr'>tibi</span> <span class='ocrx_word' id='word_1_21' title='bbox 359 551 504 631; x_wconf 81' lang='lat' dir='ltr'>Sironem,</span> <span class='ocrx_word' id='word_1_22' title='bbox 527 551 616 628; x_wconf 89' lang='lat' dir='ltr'>Maro,</span> <span class='ocrx_word' id='word_1_23' title='bbox 641 551 765 611; x_wconf 92' lang='lat' dir='ltr'>contulit</span> <span class='ocrx_word' id='word_1_24' title='bbox 788 553 853 630; x_wconf 89' lang='lat' dir='ltr'>ipsa</span> <span class='ocrx_word' id='word_1_25' title='bbox 875 553 1049 629; x_wconf 81' lang='lat' dir='ltr'>magistrum</span> 
     </span>
    </p>

    <p class='ocr_par' dir='ltr' id='par_1_5' title="bbox 180 638 1059 721">
     <span class='ocr_line' id='line_1_5' title="bbox 180 638 1059 721; baseline -0.003 -20"><span class='ocrx_word' id='word_1_26' title='bbox 180 641 274 703; x_wconf 91' lang='lat' dir='ltr'>Roma</span> <span class='ocrx_word' id='word_1_27' title='bbox 296 649 402 721; x_wconf 88' lang='lat' dir='ltr'>potens</span> <span class='ocrx_word' id='word_1_28' title='bbox 425 658 625 720; x_wconf 81' lang='lat' dir='ltr'>proceresque</span> <span class='ocrx_word' id='word_1_29' title='bbox 649 658 718 701; x_wconf 89' lang='lat' dir='ltr'>suos</span> <span class='ocrx_word' id='word_1_30' title='bbox 741 638 797 700; x_wconf 89' lang='lat' dir='ltr'>tibi</span> <span class='ocrx_word' id='word_1_31' title='bbox 820 643 917 700; x_wconf 84' lang='lat' dir='ltr'>iunxit</span> <span class='ocrx_word' id='word_1_32' title='bbox 940 643 1059 700; x_wconf 80' lang='lat' dir='ltr'>amicos,</span> 
     </span>
    </p>

    <p class='ocr_par' dir='ltr' id='par_1_6' title="bbox 181 728 888 810">
     <span class='ocr_line' id='line_1_6' title="bbox 181 728 888 810; baseline -0.003 -19"><span class='ocrx_word' id='word_1_33' title='bbox 181 731 274 791; x_wconf 92' lang='lat' dir='ltr'>Pollio</span> <span class='ocrx_word' id='word_1_34' title='bbox 297 730 451 791; x_wconf 84' lang='lat' dir='ltr'>Maecenas</span> <span class='ocrx_word' id='word_1_35' title='bbox 474 731 567 790; x_wconf 88' lang='lat' dir='ltr'>Varus</span> <span class='ocrx_word' id='word_1_36' title='bbox 591 729 747 790; x_wconf 88' lang='lat' dir='ltr'>Cornelius</span> <span class='ocrx_word' id='word_1_37' title='bbox 771 728 888 810; x_wconf 83' lang='lat' dir='ltr'>ardent3</span> 
     </span>
    </p>

    <p class='ocr_par' dir='ltr' id='par_1_7' title="bbox 181 819 1203 986">
     <span class='ocr_line' id='line_1_7' title="bbox 181 819 1203 900; baseline -0.008 -20"><span class='ocrx_word' id='word_1_38' title='bbox 181 820 224 880; x_wconf 82' lang='lat' dir='ltr'>&#39;le</span> <span class='ocrx_word' id='word_1_39' title='bbox 248 819 306 880; x_wconf 91' lang='lat' dir='ltr'>sibi</span> <span class='ocrx_word' id='word_1_40' title='bbox 329 822 456 900; x_wconf 89' lang='lat' dir='ltr'>quisque</span> <span class='ocrx_word' id='word_1_41' title='bbox 480 821 565 898; x_wconf 84' lang='lat' dir='ltr'>rapit,</span> <span class='ocrx_word' id='word_1_42' title='bbox 588 836 643 897; x_wconf 92' lang='lat' dir='ltr'>per</span> <span class='ocrx_word' id='word_1_43' title='bbox 666 826 694 878; x_wconf 94' lang='lat' dir='ltr'>te</span> <span class='ocrx_word' id='word_1_44' title='bbox 717 820 851 878; x_wconf 88' lang='lat' dir='ltr'>victurus</span> <span class='ocrx_word' id='word_1_45' title='bbox 874 820 906 877; x_wconf 92' lang='lat' dir='ltr'>in</span> <span class='ocrx_word' id='word_1_46' title='bbox 930 836 1042 878; x_wconf 88' lang='lat' dir='ltr'>aevum.</span> <span class='ocrx_word' id='word_1_47' title='bbox 1176 833 1203 872; x_wconf 84' lang='lat' dir='ltr'>so</span> 
     </span>
     <span class='ocr_line' id='line_1_8' title="bbox 249 905 1077 986; baseline -0.002 -18"><span class='ocrx_word' id='word_1_48' title='bbox 249 909 332 969; x_wconf 91' lang='lat' dir='ltr'>Musa</span> <span class='ocrx_word' id='word_1_49' title='bbox 355 909 446 969; x_wconf 90' lang='lat' dir='ltr'>reier:</span> <span class='ocrx_word' id='word_1_50' title='bbox 470 927 545 986; x_wconf 88' lang='lat' dir='ltr'>quae</span> <span class='ocrx_word' id='word_1_51' title='bbox 569 925 658 968; x_wconf 89' lang='lat' dir='ltr'>causa</span> <span class='ocrx_word' id='word_1_52' title='bbox 681 908 738 968; x_wconf 87' lang='lat' dir='ltr'>fuit</span> <span class='ocrx_word' id='word_1_53' title='bbox 760 924 938 986; x_wconf 88' lang='lat' dir='ltr'>componere</span> <span class='ocrx_word' id='word_1_54' title='bbox 962 905 1077 967; x_wconf 81' lang='lat' dir='ltr'>libros?</span> 
     </span>
    </p>

    <p class='ocr_par' dir='ltr' id='par_1_8' title="bbox 183 996 1050 1078">
     <span class='ocr_line' id='line_1_9' title="bbox 183 996 1050 1078; baseline -0.003 -20"><span class='ocrx_word' id='word_1_55' title='bbox 183 998 357 1078; x_wconf 82' lang='lat' dir='ltr'>Sumpserat</span> <span class='ocrx_word' id='word_1_56' title='bbox 379 998 528 1076; x_wconf 81' lang='lat' dir='ltr'>Augustus</span> <span class='ocrx_word' id='word_1_57' title='bbox 552 1015 653 1057; x_wconf 88' lang='lat' dir='ltr'>rerum</span> <span class='ocrx_word' id='word_1_58' title='bbox 676 996 879 1057; x_wconf 86' lang='lat' dir='ltr'>moderamina</span> <span class='ocrx_word' id='word_1_59' title='bbox 901 998 1050 1075; x_wconf 90' lang='lat' dir='ltr'>princeps.</span> 
     </span>
    </p>

    <p class='ocr_par' dir='ltr' id='par_1_9' title="bbox 181 1085 1035 1165">
     <span class='ocr_line' id='line_1_10' title="bbox 181 1085 1035 1165; baseline -0.002 -18"><span class='ocrx_word' id='word_1_60' title='bbox 181 1087 242 1147; x_wconf 89' lang='lat' dir='ltr'>lam</span> <span class='ocrx_word' id='word_1_61' title='bbox 266 1089 350 1148; x_wconf 91' lang='lat' dir='ltr'>necis</span> <span class='ocrx_word' id='word_1_62' title='bbox 372 1087 452 1147; x_wconf 91' lang='lat' dir='ltr'>ultor</span> <span class='ocrx_word' id='word_1_63' title='bbox 475 1094 537 1146; x_wconf 90' lang='lat' dir='ltr'>erat</span> <span class='ocrx_word' id='word_1_64' title='bbox 561 1089 683 1165; x_wconf 84' lang='lat' dir='ltr'>patriae,</span> <span class='ocrx_word' id='word_1_65' title='bbox 706 1089 766 1145; x_wconf 90' lang='lat' dir='ltr'>iam</span> <span class='ocrx_word' id='word_1_66' title='bbox 790 1085 878 1146; x_wconf 87' lang='lat' dir='ltr'>caede</span> <span class='ocrx_word' id='word_1_67' title='bbox 901 1087 1035 1164; x_wconf 89' lang='lat' dir='ltr'>priorum</span> 
     </span>
    </p>

    <p class='ocr_par' dir='ltr' id='par_1_10' title="bbox 182 1174 862 1254">
     <span class='ocr_line' id='line_1_11' title="bbox 182 1174 862 1254; baseline -0.003 -18"><span class='ocrx_word' id='word_1_68' title='bbox 182 1176 321 1237; x_wconf 81' lang='lat' dir='ltr'>Perfusos</span> <span class='ocrx_word' id='word_1_69' title='bbox 345 1179 424 1236; x_wconf 87' lang='lat' dir='ltr'>acies</span> <span class='ocrx_word' id='word_1_70' title='bbox 448 1176 557 1252; x_wconf 86' lang='lat' dir='ltr'>legitur</span> <span class='ocrx_word' id='word_1_71' title='bbox 579 1177 679 1235; x_wconf 90' lang='lat' dir='ltr'>visura</span> <span class='ocrx_word' id='word_1_72' title='bbox 701 1174 862 1254; x_wconf 87' lang='lat' dir='ltr'>Philippos.</span> 
     </span>
    </p>

    <p class='ocr_par' dir='ltr' id='par_1_11' title="bbox 183 1263 1204 1344">
     <span class='ocr_line' id='line_1_12' title="bbox 183 1263 1204 1344; baseline -0.006 -19"><span class='ocrx_word' id='word_1_73' title='bbox 183 1264 303 1325; x_wconf 85' lang='lat' dir='ltr'>Cassius</span> <span class='ocrx_word' id='word_1_74' title='bbox 326 1265 375 1326; x_wconf 86' lang='lat' dir='ltr'>hic</span> <span class='ocrx_word' id='word_1_75' title='bbox 397 1265 496 1344; x_wconf 84' lang='lat' dir='ltr'>Magni</span> <span class='ocrx_word' id='word_1_76' title='bbox 518 1263 627 1324; x_wconf 82' lang='lat' dir='ltr'>vindex</span> <span class='ocrx_word' id='word_1_77' title='bbox 651 1271 680 1324; x_wconf 90' lang='lat' dir='ltr'>et</span> <span class='ocrx_word' id='word_1_78' title='bbox 702 1263 813 1324; x_wconf 88' lang='lat' dir='ltr'>Brutus</span> <span class='ocrx_word' id='word_1_79' title='bbox 836 1266 868 1324; x_wconf 89' lang='lat' dir='ltr'>in</span> <span class='ocrx_word' id='word_1_80' title='bbox 891 1265 981 1323; x_wconf 85' lang='lat' dir='ltr'>armis</span> <span class='ocrx_word' id='word_1_81' title='bbox 1177 1279 1204 1320; x_wconf 84' lang='lat' dir='ltr'>ss</span> 
     </span>
    </p>

    <p class='ocr_par' dir='ltr' id='par_1_12' title="bbox 181 1353 957 1432">
     <span class='ocr_line' id='line_1_13' title="bbox 181 1353 957 1432; baseline -0.004 -17"><span class='ocrx_word' id='word_1_82' title='bbox 181 1355 343 1415; x_wconf 90' lang='lat' dir='ltr'>lntereunt.</span> <span class='ocrx_word' id='word_1_83' title='bbox 389 1357 484 1415; x_wconf 85' lang='lat' dir='ltr'>victor</span> <span class='ocrx_word' id='word_1_84' title='bbox 506 1353 637 1414; x_wconf 92' lang='lat' dir='ltr'>nondum</span> <span class='ocrx_word' id='word_1_85' title='bbox 661 1360 827 1431; x_wconf 69' lang='lat' dir='ltr'>contentus</span> <span class='ocrx_word' id='word_1_86' title='bbox 851 1354 957 1432; x_wconf 91' lang='lat' dir='ltr'>opimis</span> 
     </span>
    </p>

    <p class='ocr_par' dir='ltr' id='par_1_13' title="bbox 183 1442 851 1522">
     <span class='ocr_line' id='line_1_14' title="bbox 183 1442 851 1522; baseline -0.004 -17"><span class='ocrx_word' id='word_1_87' title='bbox 183 1443 329 1505; x_wconf 86' lang='lat' dir='ltr'>Emeritas</span> <span class='ocrx_word' id='word_1_88' title='bbox 352 1443 424 1504; x_wconf 92' lang='lat' dir='ltr'>belli</span> <span class='ocrx_word' id='word_1_89' title='bbox 447 1443 549 1522; x_wconf 91' lang='lat' dir='ltr'>spoliis</span> <span class='ocrx_word' id='word_1_90' title='bbox 573 1443 682 1503; x_wconf 83' lang='lat' dir='ltr'>ditasse</span> <span class='ocrx_word' id='word_1_91' title='bbox 707 1442 851 1520; x_wconf 86' lang='lat' dir='ltr'>cohortes,</span> 
     </span>
    </p>

    <p class='ocr_par' dir='ltr' id='par_1_14' title="bbox 182 1529 959 1612">
     <span class='ocr_line' id='line_1_15' title="bbox 182 1529 959 1612; baseline -0.005 -19"><span class='ocrx_word' id='word_1_92' title='bbox 182 1533 362 1612; x_wconf 89' lang='lat' dir='ltr'>Proscripsit</span> <span class='ocrx_word' id='word_1_93' title='bbox 384 1535 512 1592; x_wconf 87' lang='lat' dir='ltr'>miserae</span> <span class='ocrx_word' id='word_1_94' title='bbox 536 1532 672 1592; x_wconf 89' lang='lat' dir='ltr'>llorentia</span> <span class='ocrx_word' id='word_1_95' title='bbox 695 1549 765 1591; x_wconf 90' lang='lat' dir='ltr'>rura</span> <span class='ocrx_word' id='word_1_96' title='bbox 789 1529 959 1608; x_wconf 76' lang='lat' dir='ltr'>Cremonae,</span> 
     </span>
    </p>

    <p class='ocr_par' dir='ltr' id='par_1_15' title="bbox 183 1619 958 1701">
     <span class='ocr_line' id='line_1_16' title="bbox 183 1619 958 1701; baseline -0.004 -20"><span class='ocrx_word' id='word_1_97' title='bbox 183 1621 314 1701; x_wconf 89' lang='lat' dir='ltr'>Totaque</span> <span class='ocrx_word' id='word_1_98' title='bbox 338 1621 483 1682; x_wconf 79' lang='lat' dir='ltr'>militibus</span> <span class='ocrx_word' id='word_1_99' title='bbox 506 1623 637 1700; x_wconf 90' lang='lat' dir='ltr'>pretium</span> <span class='ocrx_word' id='word_1_100' title='bbox 660 1638 801 1680; x_wconf 88' lang='lat' dir='ltr'>concessa</span> <span class='ocrx_word' id='word_1_101' title='bbox 824 1619 958 1679; x_wconf 88' lang='lat' dir='ltr'>laborum</span> 
     </span>
    </p>

    <p class='ocr_par' dir='ltr' id='par_1_16' title="bbox 183 1709 1207 1788">
     <span class='ocr_line' id='line_1_17' title="bbox 183 1709 1207 1788; baseline -0.005 -17"><span class='ocrx_word' id='word_1_102' title='bbox 183 1710 295 1772; x_wconf 89' lang='lat' dir='ltr'>Praeda</span> <span class='ocrx_word' id='word_1_103' title='bbox 318 1712 382 1772; x_wconf 85' lang='lat' dir='ltr'>fuit</span> <span class='ocrx_word' id='word_1_104' title='bbox 428 1710 556 1771; x_wconf 89' lang='lat' dir='ltr'>violenta</span> <span class='ocrx_word' id='word_1_105' title='bbox 578 1727 684 1770; x_wconf 87' lang='lat' dir='ltr'>manus</span> <span class='ocrx_word' id='word_1_106' title='bbox 706 1709 848 1769; x_wconf 88' lang='lat' dir='ltr'>bacchata</span> <span class='ocrx_word' id='word_1_107' title='bbox 871 1727 925 1788; x_wconf 90' lang='lat' dir='ltr'>per</span> <span class='ocrx_word' id='word_1_108' title='bbox 948 1726 1042 1786; x_wconf 84' lang='lat' dir='ltr'>agros.</span> <span class='ocrx_word' id='word_1_109' title='bbox 1164 1737 1207 1777; x_wconf 76' lang='lat'>100</span> 
     </span>
    </p>

    <p class='ocr_par' dir='ltr' id='par_1_17' title="bbox 183 1799 1015 1879">
     <span class='ocr_line' id='line_1_18' title="bbox 183 1799 1015 1879; baseline -0.004 -20"><span class='ocrx_word' id='word_1_110' title='bbox 183 1799 249 1861; x_wconf 93' lang='lat' dir='ltr'>Non</span> <span class='ocrx_word' id='word_1_111' title='bbox 272 1800 368 1879; x_wconf 89' lang='lat' dir='ltr'>llatus,</span> <span class='ocrx_word' id='word_1_112' title='bbox 390 1818 450 1859; x_wconf 93' lang='lat' dir='ltr'>non</span> <span class='ocrx_word' id='word_1_113' title='bbox 474 1799 532 1860; x_wconf 88' lang='lat' dir='ltr'>tela</span> <span class='ocrx_word' id='word_1_114' title='bbox 554 1799 640 1877; x_wconf 79' lang='lat' dir='ltr'>loviS,</span> <span class='ocrx_word' id='word_1_115' title='bbox 663 1817 722 1858; x_wconf 92' lang='lat' dir='ltr'>non</span> <span class='ocrx_word' id='word_1_116' title='bbox 746 1816 887 1877; x_wconf 91' lang='lat' dir='ltr'>spumeus</span> <span class='ocrx_word' id='word_1_117' title='bbox 911 1800 1015 1874; x_wconf 88' lang='lat' dir='ltr'>amnis,</span> 
     </span>
    </p>

    <p class='ocr_par' dir='ltr' id='par_1_18' title="bbox 183 1888 1077 1968">
     <span class='ocr_line' id='line_1_19' title="bbox 183 1888 1077 1968; baseline -0.004 -19"><span class='ocrx_word' id='word_1_118' title='bbox 183 1889 249 1950; x_wconf 88' lang='lat' dir='ltr'>Non</span> <span class='ocrx_word' id='word_1_119' title='bbox 272 1888 384 1950; x_wconf 91' lang='lat' dir='ltr'>imbres</span> <span class='ocrx_word' id='word_1_120' title='bbox 408 1889 513 1968; x_wconf 88' lang='lat' dir='ltr'>rapidi,</span> <span class='ocrx_word' id='word_1_121' title='bbox 537 1895 679 1968; x_wconf 90' lang='lat' dir='ltr'>quantum</span> <span class='ocrx_word' id='word_1_122' title='bbox 703 1905 808 1947; x_wconf 89' lang='lat' dir='ltr'>manus</span> <span class='ocrx_word' id='word_1_123' title='bbox 832 1889 931 1966; x_wconf 91' lang='lat' dir='ltr'>impia,</span> <span class='ocrx_word' id='word_1_124' title='bbox 954 1894 1077 1946; x_wconf 86' lang='lat' dir='ltr'>vastant.</span> 
     </span>
    </p>

    <p class='ocr_par' dir='ltr' id='par_1_19' title="bbox 185 1975 933 2057">
     <span class='ocr_line' id='line_1_20' title="bbox 185 1975 933 2057; baseline -0.003 -19"><span class='ocrx_word' id='word_1_125' title='bbox 185 1978 312 2057; x_wconf 86' lang='lat' dir='ltr'>Mantua,</span> <span class='ocrx_word' id='word_1_126' title='bbox 335 1986 368 2038; x_wconf 91' lang='lat' dir='ltr'>tu</span> <span class='ocrx_word' id='word_1_127' title='bbox 392 1981 550 2039; x_wconf 89' lang='lat' dir='ltr'>coniuncta</span> <span class='ocrx_word' id='word_1_128' title='bbox 569 1977 642 2056; x_wconf 91' lang='lat' dir='ltr'>loco,</span> <span class='ocrx_word' id='word_1_129' title='bbox 666 1979 776 2037; x_wconf 90' lang='lat' dir='ltr'>sociata</span> <span class='ocrx_word' id='word_1_130' title='bbox 799 1975 933 2056; x_wconf 79' lang='lat' dir='ltr'>periclis3</span> 
     </span>
    </p>

    <p class='ocr_par' dir='ltr' id='par_1_20' title="bbox 183 2063 1062 2142">
     <span class='ocr_line' id='line_1_21' title="bbox 183 2063 1062 2142; baseline -0.002 -16"><span class='ocrx_word' id='word_1_131' title='bbox 183 2066 249 2127; x_wconf 91' lang='lat' dir='ltr'>Non</span> <span class='ocrx_word' id='word_1_132' title='bbox 272 2075 371 2128; x_wconf 89' lang='lat' dir='ltr'>tamen</span> <span class='ocrx_word' id='word_1_133' title='bbox 396 2067 432 2127; x_wconf 92' lang='lat' dir='ltr'>ob</span> <span class='ocrx_word' id='word_1_134' title='bbox 456 2069 596 2127; x_wconf 90' lang='lat' dir='ltr'>meritum</span> <span class='ocrx_word' id='word_1_135' title='bbox 620 2068 729 2126; x_wconf 87' lang='lat' dir='ltr'>misera</span> <span class='ocrx_word' id='word_1_136' title='bbox 754 2065 828 2142; x_wconf 71' lang='lat' dir='ltr'>[eslt</span> <span class='ocrx_word' id='word_1_137' title='bbox 851 2066 959 2124; x_wconf 82' lang='lat' dir='ltr'>vicinia</span> <span class='ocrx_word' id='word_1_138' title='bbox 982 2063 1062 2124; x_wconf 88' lang='lat' dir='ltr'>fecit.</span> 
     </span>
    </p>

    <p class='ocr_par' dir='ltr' id='par_1_21' title="bbox 183 2152 1207 2234">
     <span class='ocr_line' id='line_1_22' title="bbox 183 2152 1207 2234; baseline -0.004 -18"><span class='ocrx_word' id='word_1_139' title='bbox 183 2157 244 2217; x_wconf 90' lang='lat' dir='ltr'>lam</span> <span class='ocrx_word' id='word_1_140' title='bbox 267 2156 347 2216; x_wconf 92' lang='lat' dir='ltr'>Maro</span> <span class='ocrx_word' id='word_1_141' title='bbox 371 2156 475 2234; x_wconf 90' lang='lat' dir='ltr'>pulsus</span> <span class='ocrx_word' id='word_1_142' title='bbox 499 2163 570 2234; x_wconf 90' lang='lat' dir='ltr'>erat,</span> <span class='ocrx_word' id='word_1_143' title='bbox 594 2162 641 2217; x_wconf 89' lang='lat' dir='ltr'>set</span> <span class='ocrx_word' id='word_1_144' title='bbox 662 2153 775 2215; x_wconf 90' lang='lat' dir='ltr'>viribus</span> <span class='ocrx_word' id='word_1_145' title='bbox 800 2152 902 2214; x_wconf 88' lang='lat' dir='ltr'>obvius</span> <span class='ocrx_word' id='word_1_146' title='bbox 925 2152 988 2214; x_wconf 89' lang='lat' dir='ltr'>ibat</span> <span class='ocrx_word' id='word_1_147' title='bbox 1165 2182 1207 2224; x_wconf 76' lang='lat'>105</span> 
     </span>
    </p>

    <p class='ocr_par' dir='ltr' id='par_1_22' title="bbox 183 2243 965 2324">
     <span class='ocr_line' id='line_1_23' title="bbox 183 2243 965 2324; baseline -0.004 -19"><span class='ocrx_word' id='word_1_148' title='bbox 183 2244 290 2306; x_wconf 86' lang='lat' dir='ltr'>Fretus</span> <span class='ocrx_word' id='word_1_149' title='bbox 314 2247 477 2306; x_wconf 91' lang='lat' dir='ltr'>amicorum</span> <span class='ocrx_word' id='word_1_150' title='bbox 501 2244 604 2324; x_wconf 92' lang='lat' dir='ltr'>clipeo,</span> <span class='ocrx_word' id='word_1_151' title='bbox 629 2263 697 2304; x_wconf 90' lang='lat' dir='ltr'>cum</span> <span class='ocrx_word' id='word_1_152' title='bbox 720 2262 814 2323; x_wconf 86' lang='lat' dir='ltr'>paene</span> <span class='ocrx_word' id='word_1_153' title='bbox 837 2243 965 2303; x_wconf 79' lang='lat' dir='ltr'>nefando</span> 
     </span>
    </p>

    <p class='ocr_par' dir='ltr' id='par_1_23' title="bbox 183 2330 1121 2413">
     <span class='ocr_line' id='line_1_24' title="bbox 183 2330 1121 2413; baseline -0.003 -19"><span class='ocrx_word' id='word_1_154' title='bbox 183 2333 262 2394; x_wconf 89' lang='lat' dir='ltr'>Ense</span> <span class='ocrx_word' id='word_1_155' title='bbox 286 2336 372 2413; x_wconf 89' lang='lat' dir='ltr'>perit.</span> <span class='ocrx_word' id='word_1_156' title='bbox 419 2334 499 2413; x_wconf 88' lang='lat' dir='ltr'>quid,</span> <span class='ocrx_word' id='word_1_157' title='bbox 524 2333 635 2412; x_wconf 85' lang='lat' dir='ltr'>dextra,</span> <span class='ocrx_word' id='word_1_158' title='bbox 659 2330 756 2394; x_wconf 82' lang='lat' dir='ltr'>luris?</span> <span class='ocrx_word' id='word_1_159' title='bbox 780 2331 852 2412; x_wconf 90' lang='lat' dir='ltr'>quid</span> <span class='ocrx_word' id='word_1_160' title='bbox 874 2334 988 2392; x_wconf 88' lang='lat' dir='ltr'>viscera</span> <span class='ocrx_word' id='word_1_161' title='bbox 1010 2330 1121 2392; x_wconf 91' lang='lat' dir='ltr'>Romae</span> 
     </span>
    </p>
   </div>
   <div class='ocr_carea' id='block_1_3' title="bbox 183 2420 1212 2947">
    <p class='ocr_par' dir='ltr' id='par_1_24' title="bbox 184 2420 927 2502">
     <span class='ocr_line' id='line_1_25' title="bbox 184 2420 927 2502; baseline -0.004 -19"><span class='ocrx_word' id='word_1_162' title='bbox 184 2423 333 2502; x_wconf 82' lang='lat' dir='ltr'>Sacrilego</span> <span class='ocrx_word' id='word_1_163' title='bbox 357 2441 499 2484; x_wconf 89' lang='lat' dir='ltr'>mucrone</span> <span class='ocrx_word' id='word_1_164' title='bbox 522 2420 621 2502; x_wconf 82' lang='lat' dir='ltr'>petis?</span> <span class='ocrx_word' id='word_1_165' title='bbox 645 2432 695 2483; x_wconf 93' lang='lat' dir='ltr'>tua</span> <span class='ocrx_word' id='word_1_166' title='bbox 717 2421 794 2482; x_wconf 92' lang='lat' dir='ltr'>bella</span> <span class='ocrx_word' id='word_1_167' title='bbox 816 2421 927 2482; x_wconf 90' lang='lat' dir='ltr'>tacebit</span> 
     </span>
    </p>

    <p class='ocr_par' dir='ltr' id='par_1_25' title="bbox 183 2507 1003 2591">
     <span class='ocr_line' id='line_1_26' title="bbox 183 2507 1003 2591; baseline -0.006 -18"><span class='ocrx_word' id='word_1_168' title='bbox 183 2513 345 2573; x_wconf 89' lang='lat' dir='ltr'>Posteritas</span> <span class='ocrx_word' id='word_1_169' title='bbox 369 2515 526 2591; x_wconf 91' lang='lat' dir='ltr'>ipsumque</span> <span class='ocrx_word' id='word_1_170' title='bbox 551 2511 665 2590; x_wconf 91' lang='lat' dir='ltr'>ducem,</span> <span class='ocrx_word' id='word_1_171' title='bbox 688 2513 748 2572; x_wconf 92' lang='lat' dir='ltr'>nisi</span> <span class='ocrx_word' id='word_1_172' title='bbox 770 2511 888 2571; x_wconf 89' lang='lat' dir='ltr'>Mantua</span> <span class='ocrx_word' id='word_1_173' title='bbox 913 2507 1003 2569; x_wconf 84' lang='lat' dir='ltr'>dicat!</span> 
     </span>
    </p>

    <p class='ocr_par' dir='ltr' id='par_1_26' title="bbox 184 2598 1212 2769">
     <span class='ocr_line' id='line_1_27' title="bbox 184 2598 1212 2678; baseline -0.003 -18"><span class='ocrx_word' id='word_1_174' title='bbox 184 2600 249 2662; x_wconf 90' lang='lat' dir='ltr'>Non</span> <span class='ocrx_word' id='word_1_175' title='bbox 273 2601 341 2662; x_wconf 92' lang='lat' dir='ltr'>tulit</span> <span class='ocrx_word' id='word_1_176' title='bbox 363 2600 439 2661; x_wconf 93' lang='lat' dir='ltr'>banc</span> <span class='ocrx_word' id='word_1_177' title='bbox 463 2600 577 2661; x_wconf 92' lang='lat' dir='ltr'>rabiem</span> <span class='ocrx_word' id='word_1_178' title='bbox 601 2600 770 2661; x_wconf 88' lang='lat' dir='ltr'>doctissima</span> <span class='ocrx_word' id='word_1_179' title='bbox 794 2598 881 2660; x_wconf 92' lang='lat' dir='ltr'>turba</span> <span class='ocrx_word' id='word_1_180' title='bbox 903 2605 1066 2678; x_wconf 91' lang='lat' dir='ltr'>potentum.</span> <span class='ocrx_word' id='word_1_181' title='bbox 1167 2628 1212 2668; x_wconf 82' lang='lat'>110</span> 
     </span>
     <span class='ocr_line' id='line_1_28' title="bbox 184 2688 993 2769; baseline -0.005 -19"><span class='ocrx_word' id='word_1_182' title='bbox 184 2691 248 2751; x_wconf 90' lang='lat' dir='ltr'>ltur</span> <span class='ocrx_word' id='word_1_183' title='bbox 270 2690 307 2750; x_wconf 94' lang='lat' dir='ltr'>ad</span> <span class='ocrx_word' id='word_1_184' title='bbox 331 2698 482 2751; x_wconf 90' lang='lat' dir='ltr'>auctorem</span> <span class='ocrx_word' id='word_1_185' title='bbox 506 2708 622 2751; x_wconf 90' lang='lat' dir='ltr'>rerum:</span> <span class='ocrx_word' id='word_1_186' title='bbox 647 2688 718 2769; x_wconf 93' lang='lat' dir='ltr'>quid</span> <span class='ocrx_word' id='word_1_187' title='bbox 741 2689 864 2750; x_wconf 89' lang='lat' dir='ltr'>Martius</span> <span class='ocrx_word' id='word_1_188' title='bbox 887 2688 993 2748; x_wconf 89' lang='lat' dir='ltr'>horror</span> 
     </span>
    </p>

    <p class='ocr_par' dir='ltr' id='par_1_27' title="bbox 184 2777 1008 2858">
     <span class='ocr_line' id='line_1_29' title="bbox 184 2777 1008 2858; baseline -0.004 -19"><span class='ocrx_word' id='word_1_189' title='bbox 184 2778 294 2858; x_wconf 83' lang='lat' dir='ltr'>Egerit,</span> <span class='ocrx_word' id='word_1_190' title='bbox 318 2778 485 2840; x_wconf 87' lang='lat' dir='ltr'>ostendunt</span> <span class='ocrx_word' id='word_1_191' title='bbox 532 2781 583 2858; x_wconf 89' lang='lat' dir='ltr'>qui</span> <span class='ocrx_word' id='word_1_192' title='bbox 606 2785 666 2839; x_wconf 87' lang='lat' dir='ltr'>tam</span> <span class='ocrx_word' id='word_1_193' title='bbox 690 2777 858 2838; x_wconf 90' lang='lat' dir='ltr'>miseranda</span> <span class='ocrx_word' id='word_1_194' title='bbox 881 2777 1008 2854; x_wconf 87' lang='lat' dir='ltr'>tulisset,</span> 
     </span>
    </p>

    <p class='ocr_par' dir='ltr' id='par_1_28' title="bbox 184 2865 966 2947">
     <span class='ocr_line' id='line_1_30' title="bbox 184 2865 966 2947; baseline -0.004 -19"><span class='ocrx_word' id='word_1_195' title='bbox 184 2867 319 2929; x_wconf 87' lang='lat' dir='ltr'>Caesaris</span> <span class='ocrx_word' id='word_1_196' title='bbox 341 2868 412 2929; x_wconf 92' lang='lat' dir='ltr'>huic</span> <span class='ocrx_word' id='word_1_197' title='bbox 435 2867 549 2947; x_wconf 90' lang='lat' dir='ltr'>placido</span> <span class='ocrx_word' id='word_1_198' title='bbox 573 2875 648 2928; x_wconf 91' lang='lat' dir='ltr'>nutu</span> <span class='ocrx_word' id='word_1_199' title='bbox 671 2873 848 2947; x_wconf 89' lang='lat' dir='ltr'>repetuntur</span> <span class='ocrx_word' id='word_1_200' title='bbox 870 2865 966 2944; x_wconf 84' lang='lat' dir='ltr'>agelli.</span> 
     </span>
    </p>
   </div>
   <div class='ocr_carea' id='block_1_4' title="bbox 183 3019 1155 3647">
    <p class='ocr_par' dir='ltr' id='par_1_29' title="bbox 183 3019 1155 3647">
     <span class='ocr_line' id='line_1_31' title="bbox 255 3019 1153 3091; baseline -0.002 -17"><span class='ocrx_word' id='word_1_201' title='bbox 255 3027 336 3091; x_wconf 77' lang='lat' dir='ltr'>8bsq.</span> <span class='ocrx_word' id='word_1_202' title='bbox 359 3023 443 3077; x_wconf 76' lang='lat' dir='ltr'>Culex</span> <span class='ocrx_word' id='word_1_203' title='bbox 461 3027 568 3090; x_wconf 74' lang='lat' dir='ltr'>413sq,</span> <span class='ocrx_word' id='word_1_204' title='bbox 592 3023 723 3076; x_wconf 77' lang='lat' dir='ltr'>Donatus</span> <span class='ocrx_word' id='word_1_205' title='bbox 741 3023 758 3074; x_wconf 87' lang='lat' dir='ltr'>l.</span> <span class='ocrx_word' id='word_1_206' title='bbox 773 3037 795 3074; x_wconf 91' lang='lat' dir='ltr'>c.</span> <span class='ocrx_word' id='word_1_207' title='bbox 887 3025 921 3074; x_wconf 74' lang='lat'>85</span> <span class='ocrx_word' id='word_1_208' title='bbox 940 3019 1078 3089; x_wconf 88' lang='lat' dir='ltr'>pecodum</span> <span class='ocrx_word' id='word_1_209' title='bbox 1102 3035 1153 3072; x_wconf 88' lang='lat' dir='ltr'>cu-</span> 
     </span>
     <span class='ocr_line' id='line_1_32' title="bbox 183 3089 1155 3148; baseline -0.002 -2"><span class='ocrx_word' id='word_1_210' title='bbox 183 3095 244 3147; x_wconf 82' lang='lat' dir='ltr'>stus</span> <span class='ocrx_word' id='word_1_211' title='bbox 263 3095 291 3147; x_wconf 92' lang='lat' dir='ltr'><em>P</em></span> <span class='ocrx_word' id='word_1_212' title='bbox 361 3097 394 3146; x_wconf 85' lang='lat'>89</span> <span class='ocrx_word' id='word_1_213' title='bbox 417 3093 505 3146; x_wconf 84' lang='lat' dir='ltr'>Varus</span> <span class='ocrx_word' id='word_1_214' title='bbox 530 3093 662 3148; x_wconf 81' lang='lat' dir='ltr'>Weicbert</span> <span class='ocrx_word' id='word_1_215' title='bbox 696 3093 793 3146; x_wconf 81' lang='lat' dir='ltr'>uerius</span> <span class='ocrx_word' id='word_1_216' title='bbox 812 3093 841 3146; x_wconf 91' lang='lat' dir='ltr'><em>P</em></span> <span class='ocrx_word' id='word_1_217' title='bbox 896 3097 930 3144; x_wconf 83' lang='lat'>90</span> <span class='ocrx_word' id='word_1_218' title='bbox 950 3090 989 3144; x_wconf 87' lang='lat' dir='ltr'>To</span> <span class='ocrx_word' id='word_1_219' title='bbox 1007 3090 1095 3144; x_wconf 78' lang='lat' dir='ltr'>Klotz</span> <span class='ocrx_word' id='word_1_220' title='bbox 1113 3089 1155 3144; x_wconf 75' lang='lat' dir='ltr'>bc</span> 
     </span>
     <span class='ocr_line' id='line_1_33' title="bbox 184 3162 1102 3234; baseline -0.003 -16"><span class='ocrx_word' id='word_1_221' title='bbox 184 3165 213 3218; x_wconf 94' lang='lat' dir='ltr'><strong><em>P</em></strong></span> <span class='ocrx_word' id='word_1_222' title='bbox 265 3170 299 3216; x_wconf 82' lang='grc'>94</span> <span class='ocrx_word' id='word_1_223' title='bbox 318 3164 430 3234; x_wconf 87' lang='lat' dir='ltr'>filippos</span> <span class='ocrx_word' id='word_1_224' title='bbox 449 3166 477 3219; x_wconf 90' lang='lat' dir='ltr'><strong><em>P</em></strong></span> <span class='ocrx_word' id='word_1_225' title='bbox 547 3169 580 3218; x_wconf 84' lang='grc'>96</span> <span class='ocrx_word' id='word_1_226' title='bbox 600 3165 757 3218; x_wconf 85' lang='lat' dir='ltr'>contemtus</span> <span class='ocrx_word' id='word_1_227' title='bbox 777 3165 805 3218; x_wconf 94' lang='lat' dir='ltr'><strong><em>P</em></strong></span> <span class='ocrx_word' id='word_1_228' title='bbox 874 3167 908 3216; x_wconf 90' lang='grc'>97</span> <span class='ocrx_word' id='word_1_229' title='bbox 928 3162 1054 3216; x_wconf 82' lang='lat' dir='ltr'>choortes</span> <span class='ocrx_word' id='word_1_230' title='bbox 1073 3162 1102 3215; x_wconf 97' lang='lat' dir='ltr'><strong><em>P</em></strong></span> 
     </span>
     <span class='ocr_line' id='line_1_34' title="bbox 186 3231 1155 3306; baseline -0.004 -16"><span class='ocrx_word' id='word_1_231' title='bbox 186 3240 237 3290; x_wconf 93' lang='grc'><strong>100</strong></span> <span class='ocrx_word' id='word_1_232' title='bbox 255 3238 374 3290; x_wconf 78' lang='lat' dir='ltr'>uaccata</span> <span class='ocrx_word' id='word_1_233' title='bbox 392 3235 421 3304; x_wconf 86' lang='lat' dir='ltr'>(b</span> <span class='ocrx_word' id='word_1_234' title='bbox 440 3253 527 3304; x_wconf 78' lang='lat' dir='ltr'>supra</span> <span class='ocrx_word' id='word_1_235' title='bbox 544 3237 573 3306; x_wconf 91' lang='lat' dir='ltr'>u)</span> <span class='ocrx_word' id='word_1_236' title='bbox 592 3236 621 3289; x_wconf 91' lang='lat' dir='ltr'><strong><em>P</em></strong></span> <span class='ocrx_word' id='word_1_237' title='bbox 709 3240 758 3288; x_wconf 94' lang='grc'>101</span> <span class='ocrx_word' id='word_1_238' title='bbox 778 3233 852 3288; x_wconf 83' lang='lat' dir='ltr'>iobis</span> <span class='ocrx_word' id='word_1_239' title='bbox 872 3234 899 3287; x_wconf 93' lang='lat' dir='ltr'><strong><em>P</em></strong></span> <span class='ocrx_word' id='word_1_240' title='bbox 969 3237 1037 3286; x_wconf 77' lang='lat'>1102</span> <span class='ocrx_word' id='word_1_241' title='bbox 1055 3231 1155 3286; x_wconf 83' lang='lat' dir='ltr'>rabidi</span> 
     </span>
     <span class='ocr_line' id='line_1_35' title="bbox 184 3305 1043 3378; baseline -0.005 -16"><span class='ocrx_word' id='word_1_242' title='bbox 184 3309 219 3362; x_wconf 86' lang='lat' dir='ltr'>L.</span> <span class='ocrx_word' id='word_1_243' title='bbox 241 3307 366 3376; x_wconf 77' lang='lat' dir='ltr'>Mueller,</span> <span class='ocrx_word' id='word_1_244' title='bbox 395 3308 492 3360; x_wconf 81' lang='lat' dir='ltr'>uastat</span> <span class='ocrx_word' id='word_1_245' title='bbox 520 3310 549 3378; x_wconf 88' lang='lat' dir='ltr'>(u</span> <span class='ocrx_word' id='word_1_246' title='bbox 567 3312 633 3361; x_wconf 71' lang='lat' dir='ltr'>ui</span> <span class='ocrx_word' id='word_1_247' title='bbox 662 3324 695 3362; x_wconf 79' lang='lat' dir='ltr'>eu</span> <span class='ocrx_word' id='word_1_248' title='bbox 713 3307 742 3376; x_wconf 90' lang='lat' dir='ltr'>b)</span> <span class='ocrx_word' id='word_1_249' title='bbox 757 3305 792 3372; x_wconf 90' lang='lat' dir='ltr'>P,</span> <span class='ocrx_word' id='word_1_250' title='bbox 819 3321 887 3360; x_wconf 71' lang='lat' dir='ltr'>corr.</span> <span class='ocrx_word' id='word_1_251' title='bbox 909 3305 1043 3358; x_wconf 77' lang='lat' dir='ltr'>Heinsius</span> 
     </span>
     <span class='ocr_line' id='line_1_36' title="bbox 186 3375 1113 3447; baseline -0.001 -16"><span class='ocrx_word' id='word_1_252' title='bbox 186 3383 236 3431; x_wconf 86' lang='grc'><strong>103</strong></span> <span class='ocrx_word' id='word_1_253' title='bbox 255 3378 361 3447; x_wconf 85' lang='lat' dir='ltr'>periclo</span> <span class='ocrx_word' id='word_1_254' title='bbox 380 3394 410 3432; x_wconf 87' lang='lat' dir='ltr'>es</span> <span class='ocrx_word' id='word_1_255' title='bbox 429 3380 577 3433; x_wconf 76' lang='lat' dir='ltr'>Buecheler</span> <span class='ocrx_word' id='word_1_256' title='bbox 668 3382 719 3432; x_wconf 85' lang='grc'><strong>104</strong></span> <span class='ocrx_word' id='word_1_257' title='bbox 738 3393 768 3432; x_wconf 85' lang='lat' dir='ltr'>cs</span> <span class='ocrx_word' id='word_1_258' title='bbox 787 3377 887 3432; x_wconf 77' lang='lat' dir='ltr'>addidi</span> <span class='ocrx_word' id='word_1_259' title='bbox 903 3376 1035 3430; x_wconf 80' lang='lat' dir='ltr'>miserem</span> <span class='ocrx_word' id='word_1_260' title='bbox 1053 3375 1113 3430; x_wconf 79' lang='lat' dir='ltr'>edd.</span> 
     </span>
     <span class='ocr_line' id='line_1_37' title="bbox 186 3447 1115 3522; baseline -0.001 -20"><span class='ocrx_word' id='word_1_261' title='bbox 186 3453 237 3502; x_wconf 90' lang='grc'><strong>107</strong></span> <span class='ocrx_word' id='word_1_262' title='bbox 256 3450 363 3504; x_wconf 80' lang='lat' dir='ltr'>viscera</span> <span class='ocrx_word' id='word_1_263' title='bbox 382 3450 416 3516; x_wconf 73' lang='lat' dir='ltr'>cs.</span> <span class='ocrx_word' id='word_1_264' title='bbox 436 3450 505 3504; x_wconf 82' lang='lat' dir='ltr'>Asu.</span> <span class='ocrx_word' id='word_1_265' title='bbox 526 3456 550 3516; x_wconf 84' lang='lat' dir='ltr'>s,</span> <span class='ocrx_word' id='word_1_266' title='bbox 561 3454 621 3503; x_wconf 83' lang='lat'>834.</span> <span class='ocrx_word' id='word_1_267' title='bbox 668 3516 670 3522; x_wconf 91' lang='lat'><em>.</em></span> <span class='ocrx_word' id='word_1_268' title='bbox 705 3454 754 3502; x_wconf 94' lang='lat'>111</span> <span class='ocrx_word' id='word_1_269' title='bbox 774 3463 867 3502; x_wconf 84' lang='lat' dir='ltr'>rorum</span> <span class='ocrx_word' id='word_1_270' title='bbox 885 3463 920 3502; x_wconf 84' lang='lat' dir='ltr'>sc.</span> <span class='ocrx_word' id='word_1_271' title='bbox 936 3447 1115 3516; x_wconf 75' lang='lat' dir='ltr'>publicorum</span> 
     </span>
     <span class='ocr_line' id='line_1_38' title="bbox 183 3517 1154 3588; baseline -0.001 -14"><span class='ocrx_word' id='word_1_272' title='bbox 183 3520 305 3574; x_wconf 81' lang='lat' dir='ltr'>marcius</span> <span class='ocrx_word' id='word_1_273' title='bbox 324 3537 401 3574; x_wconf 88' lang='lat' dir='ltr'>orror</span> <span class='ocrx_word' id='word_1_274' title='bbox 420 3522 447 3575; x_wconf 95' lang='lat' dir='ltr'><strong><em>P</em></strong></span> <span class='ocrx_word' id='word_1_275' title='bbox 509 3526 560 3573; x_wconf 78' lang='lat'>112</span> <span class='ocrx_word' id='word_1_276' title='bbox 579 3520 649 3588; x_wconf 90' lang='lat' dir='ltr'>quid</span> <span class='ocrx_word' id='word_1_277' title='bbox 668 3522 696 3575; x_wconf 94' lang='lat' dir='ltr'><strong><em>P</em></strong></span> <span class='ocrx_word' id='word_1_278' title='bbox 730 3519 779 3588; x_wconf 87' lang='lat' dir='ltr'>qui</span> <span class='ocrx_word' id='word_1_279' title='bbox 802 3517 906 3574; x_wconf 78' lang='lat' dir='ltr'>Tollius</span> <span class='ocrx_word' id='word_1_280' title='bbox 980 3524 1030 3571; x_wconf 82' lang='lat'>113</span> <span class='ocrx_word' id='word_1_281' title='bbox 1049 3517 1096 3572; x_wconf 85' lang='lat' dir='ltr'>hic</span> <span class='ocrx_word' id='word_1_282' title='bbox 1115 3518 1154 3586; x_wconf 90' lang='lat' dir='ltr'>P,</span> 
     </span>
     <span class='ocr_line' id='line_1_39' title="bbox 184 3593 382 3647; baseline 0.01 -2"><span class='ocrx_word' id='word_1_283' title='bbox 184 3609 253 3646; x_wconf 86' lang='lat' dir='ltr'>corr.</span> <span class='ocrx_word' id='word_1_284' title='bbox 277 3593 382 3647; x_wconf 78' lang='lat' dir='ltr'>Tollius</span> 
     </span>
    </p>
   </div>
   <div class='ocr_carea' id='block_1_5' title="bbox 0 0 1307 3922">
    <p class='ocr_par' dir='ltr' id='par_1_30' title="bbox 0 0 1307 3922">
     <span class='ocr_line' id='line_1_40' title="bbox 0 0 1307 3922; baseline 0 0"><span class='ocrx_word' id='word_1_285' title='bbox 0 0 1307 3922; x_wconf 95' lang='lat' dir='ltr'> </span> 
     </span>
    </p>
   </div>
  </div>
 </body>
</html>
