<?xml version="1.0" encoding="UTF-8"?>
<!DOCTYPE html PUBLIC "-//W3C//DTD XHTML 1.0 Transitional//EN"
    "http://www.w3.org/TR/xhtml1/DTD/xhtml1-transitional.dtd">
<html xmlns="http://www.w3.org/1999/xhtml" xml:lang="en" lang="en">
 <head>
  <title>
</title>
<meta http-equiv="Content-Type" content="text/html;charset=utf-8" />
  <meta name='ocr-system' content='tesseract 3.04.00' />
  <meta name='ocr-capabilities' content='ocr_page ocr_carea ocr_par ocr_line ocrx_word'/>
</head>
<body>
  <div class='ocr_page' id='page_1' title='image "./carminaincodici00riesgoog_0162.png"; bbox 0 0 2598 3922; ppageno 0'>
   <div class='ocr_carea' id='block_1_1' title="bbox 163 187 737 257">
    <p class='ocr_par' dir='ltr' id='par_1_1' title="bbox 163 187 737 257">
     <span class='ocr_line' id='line_1_1' title="bbox 163 187 737 257; baseline -0.01 -7"><span class='ocrx_word' id='word_1_1' title='bbox 163 187 226 252; x_wconf 78' lang='lat'><strong><em>152</em></strong></span> <span class='ocrx_word' id='word_1_2' title='bbox 550 187 579 243; x_wconf 87' lang='grc'>0.</span> <span class='ocrx_word' id='word_1_3' title='bbox 594 194 655 257; x_wconf 87' lang='grc'>676,</span> <span class='ocrx_word' id='word_1_4' title='bbox 670 204 737 244; x_wconf 79' lang='grc'>6-16</span> 
     </span>
    </p>
   </div>
   <div class='ocr_carea' id='block_1_2' title="bbox 159 353 1171 1057">
    <p class='ocr_par' dir='ltr' id='par_1_2' title="bbox 159 353 1171 1057">
     <span class='ocr_line' id='line_1_2' title="bbox 227 353 1128 435; baseline 0.002 -21"><span class='ocrx_word' id='word_1_5' title='bbox 227 353 333 415; x_wconf 84' lang='lat' dir='ltr'><strong><em>Omnia</em></strong></span> <span class='ocrx_word' id='word_1_6' title='bbox 356 363 474 434; x_wconf 87' lang='lat' dir='ltr'><strong><em>tempus</em></strong></span> <span class='ocrx_word' id='word_1_7' title='bbox 493 358 562 435; x_wconf 82' lang='lat' dir='ltr'><strong><em>agit,</em></strong></span> <span class='ocrx_word' id='word_1_8' title='bbox 585 375 653 416; x_wconf 88' lang='lat' dir='ltr'><strong><em>cum</em></strong></span> <span class='ocrx_word' id='word_1_9' title='bbox 671 362 806 434; x_wconf 86' lang='lat' dir='ltr'><strong><em>tempore</em></strong></span> <span class='ocrx_word' id='word_1_10' title='bbox 830 365 937 416; x_wconf 80' lang='lat' dir='ltr'><strong><em>cuncta</em></strong></span> <span class='ocrx_word' id='word_1_11' title='bbox 959 357 1128 418; x_wconf 81' lang='lat' dir='ltr'><strong><em>trahuntur.</em></strong></span> 
     </span>
     <span class='ocr_line' id='line_1_3' title="bbox 159 442 945 524; baseline 0.004 -21"><span class='ocrx_word' id='word_1_12' title='bbox 159 442 315 504; x_wconf 82' lang='lat' dir='ltr'><strong><em>Alternont</em></strong></span> <span class='ocrx_word' id='word_1_13' title='bbox 337 444 484 506; x_wconf 85' lang='lat' dir='ltr'><strong><em>elementa</em></strong></span> <span class='ocrx_word' id='word_1_14' title='bbox 506 447 587 506; x_wconf 89' lang='lat' dir='ltr'><strong><em>vices</em></strong></span> <span class='ocrx_word' id='word_1_15' title='bbox 611 455 642 506; x_wconf 91' lang='lat' dir='ltr'><strong><em>et</em></strong></span> <span class='ocrx_word' id='word_1_16' title='bbox 663 454 798 524; x_wconf 81' lang='lat' dir='ltr'><strong><em>tempora</em></strong></span> <span class='ocrx_word' id='word_1_17' title='bbox 820 453 945 506; x_wconf 76' lang='lat' dir='ltr'><strong><em>mutant.</em></strong></span> 
     </span>
     <span class='ocr_line' id='line_1_4' title="bbox 159 531 1171 613; baseline 0.002 -21"><span class='ocrx_word' id='word_1_18' title='bbox 159 531 317 612; x_wconf 78' lang='lat' dir='ltr'><strong>Accipiunt</strong></span> <span class='ocrx_word' id='word_1_19' title='bbox 340 542 497 612; x_wconf 84' lang='lat' dir='ltr'><strong><em>augmenta</em></strong></span> <span class='ocrx_word' id='word_1_20' title='bbox 521 533 585 595; x_wconf 90' lang='lat' dir='ltr'><strong><em>dies</em></strong></span> <span class='ocrx_word' id='word_1_21' title='bbox 608 543 770 613; x_wconf 87' lang='lat' dir='ltr'><strong><em>noctesque</em></strong></span> <span class='ocrx_word' id='word_1_22' title='bbox 793 536 934 594; x_wconf 88' lang='lat' dir='ltr'><strong><em>vicissim.</em></strong></span> <span class='ocrx_word' id='word_1_23' title='bbox 1158 547 1171 587; x_wconf 74' lang='lat'><strong>⁵</strong></span> 
     </span>
     <span class='ocr_line' id='line_1_5' title="bbox 159 621 1041 703; baseline 0.003 -22"><span class='ocrx_word' id='word_1_24' title='bbox 159 621 306 701; x_wconf 79' lang='lat' dir='ltr'><strong>Tempora</strong></span> <span class='ocrx_word' id='word_1_25' title='bbox 330 630 400 683; x_wconf 87' lang='lat' dir='ltr'><strong><em>sunt</em></strong></span> <span class='ocrx_word' id='word_1_26' title='bbox 421 622 537 702; x_wconf 76' lang='lat' dir='ltr'><strong><em>ilos-um,</em></strong></span> <span class='ocrx_word' id='word_1_27' title='bbox 560 625 671 684; x_wconf 87' lang='lat' dir='ltr'><strong><em>retinet</em></strong></span> <span class='ocrx_word' id='word_1_28' title='bbox 694 642 747 684; x_wconf 84' lang='lat' dir='ltr'><strong><em>sua</em></strong></span> <span class='ocrx_word' id='word_1_29' title='bbox 769 631 902 702; x_wconf 85' lang='lat' dir='ltr'><strong><em>tempora</em></strong></span> <span class='ocrx_word' id='word_1_30' title='bbox 924 626 1041 703; x_wconf 67' lang='lat' dir='ltr'><strong><em>messisy</em></strong></span> 
     </span>
     <span class='ocr_line' id='line_1_6' title="bbox 160 710 923 792; baseline 0.004 -22"><span class='ocrx_word' id='word_1_31' title='bbox 160 710 211 770; x_wconf 92' lang='lat' dir='ltr'><strong><em>Sic</em></strong></span> <span class='ocrx_word' id='word_1_32' title='bbox 233 713 341 772; x_wconf 83' lang='lat' dir='ltr'><strong><em>iterum</em></strong></span> <span class='ocrx_word' id='word_1_33' title='bbox 365 713 461 791; x_wconf 90' lang='lat' dir='ltr'><strong><em>spisso</em></strong></span> <span class='ocrx_word' id='word_1_34' title='bbox 485 715 613 773; x_wconf 81' lang='lat' dir='ltr'><strong><em>vestitur</em></strong></span> <span class='ocrx_word' id='word_1_35' title='bbox 634 715 768 791; x_wconf 82' lang='lat' dir='ltr'><strong><em>gramine</em></strong></span> <span class='ocrx_word' id='word_1_36' title='bbox 792 731 923 792; x_wconf 79' lang='lat' dir='ltr'><strong><em>campus.</em></strong></span> 
     </span>
     <span class='ocr_line' id='line_1_7' title="bbox 159 800 993 880; baseline 0 -20"><span class='ocrx_word' id='word_1_37' title='bbox 159 800 306 879; x_wconf 80' lang='lat' dir='ltr'>Tempora</span> <span class='ocrx_word' id='word_1_38' title='bbox 329 800 486 880; x_wconf 80' lang='lat' dir='ltr'><strong><em>gaudendi,</em></strong></span> <span class='ocrx_word' id='word_1_39' title='bbox 511 809 580 862; x_wconf 87' lang='lat' dir='ltr'><strong><em>sunt</em></strong></span> <span class='ocrx_word' id='word_1_40' title='bbox 602 809 736 880; x_wconf 87' lang='lat' dir='ltr'><strong><em>tempora</em></strong></span> <span class='ocrx_word' id='word_1_41' title='bbox 761 809 841 862; x_wconf 79' lang='lat' dir='ltr'><strong><em>certa</em></strong></span> <span class='ocrx_word' id='word_1_42' title='bbox 866 800 993 861; x_wconf 85' lang='lat' dir='ltr'><strong><em>dolendi.</em></strong></span> 
     </span>
     <span class='ocr_line' id='line_1_8' title="bbox 160 888 1011 970; baseline 0.002 -22"><span class='ocrx_word' id='word_1_43' title='bbox 160 888 305 968; x_wconf 84' lang='lat' dir='ltr'><strong>Tempora</strong></span> <span class='ocrx_word' id='word_1_44' title='bbox 330 897 399 950; x_wconf 85' lang='lat' dir='ltr'><strong><em>sunt</em></strong></span> <span class='ocrx_word' id='word_1_45' title='bbox 420 893 506 969; x_wconf 76' lang='lat' dir='ltr'><strong><em>vitoe,</em></strong></span> <span class='ocrx_word' id='word_1_46' title='bbox 531 899 599 951; x_wconf 91' lang='lat' dir='ltr'><strong><em>sunt</em></strong></span> <span class='ocrx_word' id='word_1_47' title='bbox 621 892 719 950; x_wconf 84' lang='lat' dir='ltr'><strong><em>tristia</em></strong></span> <span class='ocrx_word' id='word_1_48' title='bbox 742 898 875 970; x_wconf 84' lang='lat' dir='ltr'><strong><em>tempora</em></strong></span> <span class='ocrx_word' id='word_1_49' title='bbox 897 893 1011 950; x_wconf 84' lang='lat' dir='ltr'><strong><em>mortis.</em></strong></span> 
     </span>
     <span class='ocr_line' id='line_1_9' title="bbox 159 977 999 1057; baseline 0.001 -20"><span class='ocrx_word' id='word_1_50' title='bbox 159 977 290 1057; x_wconf 88' lang='lat' dir='ltr'><strong>Tempus</strong></span> <span class='ocrx_word' id='word_1_51' title='bbox 314 987 344 1039; x_wconf 87' lang='lat' dir='ltr'><strong><em>et</em></strong></span> <span class='ocrx_word' id='word_1_52' title='bbox 366 980 439 1039; x_wconf 83' lang='lat' dir='ltr'><strong><em>hora</em></strong></span> <span class='ocrx_word' id='word_1_53' title='bbox 462 978 547 1039; x_wconf 84' lang='lat' dir='ltr'><strong><em>volat.</em></strong></span> <span class='ocrx_word' id='word_1_54' title='bbox 594 982 754 1040; x_wconf 89' lang='lat' dir='ltr'><strong><em>momentis</em></strong></span> <span class='ocrx_word' id='word_1_55' title='bbox 776 979 888 1039; x_wconf 81' lang='lat' dir='ltr'><strong>labitur</strong></span> <span class='ocrx_word' id='word_1_56' title='bbox 911 986 999 1040; x_wconf 82' lang='lat' dir='ltr'><strong><em>aetas</em></strong></span> 
     </span>
    </p>
   </div>
   <div class='ocr_carea' id='block_1_3' title="bbox 158 1169 1130 2022">
    <p class='ocr_par' dir='ltr' id='par_1_3' title="bbox 158 1169 1130 2022">
     <span class='ocr_line' id='line_1_10' title="bbox 160 1169 1120 1238; baseline 0.003 -18"><span class='ocrx_word' id='word_1_57' title='bbox 160 1185 238 1236; x_wconf 77' lang='grc'>6666</span> <span class='ocrx_word' id='word_1_58' title='bbox 255 1169 362 1222; x_wconf 80' lang='lat' dir='ltr'><strong><em>coium</em></strong></span> <span class='ocrx_word' id='word_1_59' title='bbox 379 1169 479 1237; x_wconf 81' lang='lat' dir='ltr'><strong><em>ubique</em></strong></span> <span class='ocrx_word' id='word_1_60' title='bbox 497 1170 621 1235; x_wconf 75' lang='lat' dir='ltr'><strong><em>afferam,</em></strong></span> <span class='ocrx_word' id='word_1_61' title='bbox 636 1170 668 1222; x_wconf 83' lang='lat' dir='ltr'><strong><em>de</em></strong></span> <span class='ocrx_word' id='word_1_62' title='bbox 682 1186 734 1238; x_wconf 81' lang='lat' dir='ltr'><strong><em>quo</em></strong></span> <span class='ocrx_word' id='word_1_63' title='bbox 748 1169 782 1235; x_wconf 74' lang='lat' dir='ltr'><strong><em>cs.</em></strong></span> <span class='ocrx_word' id='word_1_64' title='bbox 798 1169 837 1223; x_wconf 80' lang='lat' dir='ltr'><strong><em>ad</em></strong></span> <span class='ocrx_word' id='word_1_65' title='bbox 855 1186 877 1222; x_wconf 94' lang='lat' dir='ltr'><strong><em>c.</em></strong></span> <span class='ocrx_word' id='word_1_66' title='bbox 888 1173 948 1222; x_wconf 87' lang='grc'>639.</span> <span class='ocrx_word' id='word_1_67' title='bbox 983 1169 1049 1223; x_wconf 93' lang='lat' dir='ltr'><strong><em>V=</em></strong></span> <span class='ocrx_word' id='word_1_68' title='bbox 1065 1169 1120 1223; x_wconf 89' lang='lat' dir='ltr'><strong><em>Vat</em></strong></span> 
     </span>
     <span class='ocr_line' id='line_1_11' title="bbox 160 1238 1127 1310; baseline 0.001 -19"><span class='ocrx_word' id='word_1_69' title='bbox 160 1238 322 1308; x_wconf 70' lang='lat' dir='ltr'><strong><em>Reainensis</em></strong></span> <span class='ocrx_word' id='word_1_70' title='bbox 336 1243 397 1305; x_wconf 78' lang='grc'>213,</span> <span class='ocrx_word' id='word_1_71' title='bbox 413 1239 433 1293; x_wconf 74' lang='lat'><em>8</em></span> <span class='ocrx_word' id='word_1_72' title='bbox 443 1266 476 1284; x_wconf 97' lang='lat'>=</span> <span class='ocrx_word' id='word_1_73' title='bbox 485 1241 675 1310; x_wconf 73' lang='lat' dir='ltr'><strong><em>Sauyaliensis</em></strong></span> <span class='ocrx_word' id='word_1_74' title='bbox 689 1244 750 1306; x_wconf 90' lang='grc'>248,</span> <span class='ocrx_word' id='word_1_75' title='bbox 771 1241 812 1295; x_wconf 88' lang='lat' dir='ltr'><strong><em>Va</em></strong></span> <span class='ocrx_word' id='word_1_76' title='bbox 823 1266 856 1284; x_wconf 97' lang='lat'>=</span> <span class='ocrx_word' id='word_1_77' title='bbox 870 1240 1052 1294; x_wconf 82' lang='lat' dir='ltr'><strong><em>Valentianus</em></strong></span> <span class='ocrx_word' id='word_1_78' title='bbox 1066 1244 1127 1305; x_wconf 88' lang='grc'>393,</span> 
     </span>
     <span class='ocr_line' id='line_1_12' title="bbox 159 1310 1127 1377; baseline 0.002 -14"><span class='ocrx_word' id='word_1_79' title='bbox 159 1310 188 1363; x_wconf 92' lang='lat' dir='ltr'><strong><em>P</em></strong></span> <span class='ocrx_word' id='word_1_80' title='bbox 199 1335 233 1354; x_wconf 90' lang='lat'>=</span> <span class='ocrx_word' id='word_1_81' title='bbox 249 1311 399 1364; x_wconf 70' lang='lat' dir='ltr'><strong><em>Parisinus</em></strong></span> <span class='ocrx_word' id='word_1_82' title='bbox 423 1315 492 1365; x_wconf 89' lang='grc'>7886</span> <span class='ocrx_word' id='word_1_83' title='bbox 520 1313 598 1376; x_wconf 75' lang='lat' dir='ltr'><strong><em>(nius.</em></strong></span> <span class='ocrx_word' id='word_1_84' title='bbox 622 1312 696 1364; x_wconf 79' lang='lat' dir='ltr'><strong><em>rhen.</em></strong></span> <span class='ocrx_word' id='word_1_85' title='bbox 727 1316 804 1377; x_wconf 88' lang='grc'>1866,</span> <span class='ocrx_word' id='word_1_86' title='bbox 826 1313 895 1377; x_wconf 89' lang='grc'>136).</span> <span class='ocrx_word' id='word_1_87' title='bbox 933 1312 980 1365; x_wconf 84' lang='lat' dir='ltr'><strong><em>Dr</em></strong></span> <span class='ocrx_word' id='word_1_88' title='bbox 993 1338 1027 1356; x_wconf 97' lang='lat'><strong>=</strong></span> <span class='ocrx_word' id='word_1_89' title='bbox 1041 1311 1127 1365; x_wconf 88' lang='lat' dir='ltr'><strong><em>Dres-</em></strong></span> 
     </span>
     <span class='ocr_line' id='line_1_13' title="bbox 159 1381 1128 1452; baseline 0 -17"><span class='ocrx_word' id='word_1_90' title='bbox 159 1381 251 1436; x_wconf 79' lang='lat' dir='ltr'><strong><em>deneis</em></strong></span> <span class='ocrx_word' id='word_1_91' title='bbox 269 1383 319 1436; x_wconf 85' lang='lat' dir='ltr'><strong><em>Dc</em></strong></span> <span class='ocrx_word' id='word_1_92' title='bbox 338 1387 389 1435; x_wconf 87' lang='lat'><strong><em>183</em></strong></span> <span class='ocrx_word' id='word_1_93' title='bbox 406 1383 483 1450; x_wconf 88' lang='lat' dir='ltr'><strong><em>(ann.</em></strong></span> <span class='ocrx_word' id='word_1_94' title='bbox 499 1383 569 1450; x_wconf 77' lang='lat' dir='ltr'><strong><em>phil.</em></strong></span> <span class='ocrx_word' id='word_1_95' title='bbox 586 1387 663 1448; x_wconf 83' lang='lat'>1888,</span> <span class='ocrx_word' id='word_1_96' title='bbox 679 1385 751 1452; x_wconf 81' lang='grc'>695),</span> <span class='ocrx_word' id='word_1_97' title='bbox 775 1384 814 1437; x_wconf 92' lang='lat' dir='ltr'><strong><em>Vo</em></strong></span> <span class='ocrx_word' id='word_1_98' title='bbox 829 1408 862 1428; x_wconf 89' lang='lat'><strong><em>=</em></strong></span> <span class='ocrx_word' id='word_1_99' title='bbox 883 1384 1034 1437; x_wconf 75' lang='lat' dir='ltr'><strong><em>Vossianus</em></strong></span> <span class='ocrx_word' id='word_1_100' title='bbox 1052 1398 1076 1451; x_wconf 79' lang='grc'><strong><em>6.</em></strong></span> <span class='ocrx_word' id='word_1_101' title='bbox 1094 1387 1128 1436; x_wconf 83' lang='grc'><strong><em>76</em></strong></span> 
     </span>
     <span class='ocr_line' id='line_1_14' title="bbox 159 1453 1128 1524; baseline -0.001 -18"><span class='ocrx_word' id='word_1_102' title='bbox 159 1470 175 1506; x_wconf 89' lang='lat' dir='ltr'><strong><em>r</em></strong></span> <span class='ocrx_word' id='word_1_103' title='bbox 189 1479 222 1496; x_wconf 97' lang='lat'>=</span> <span class='ocrx_word' id='word_1_104' title='bbox 238 1453 336 1524; x_wconf 72' lang='grc'>116916.</span> <span class='ocrx_word' id='word_1_105' title='bbox 357 1457 435 1506; x_wconf 91' lang='grc'>2078.</span> <span class='ocrx_word' id='word_1_106' title='bbox 451 1485 485 1492; x_wconf 94' lang='lat'><strong><em>—-</em></strong></span> <span class='ocrx_word' id='word_1_107' title='bbox 504 1471 571 1508; x_wconf 86' lang='lat' dir='ltr'><strong><em>saec.</em></strong></span> <span class='ocrx_word' id='word_1_108' title='bbox 588 1454 632 1506; x_wconf 87' lang='lat' dir='ltr'><strong><em>X:</em></strong></span> <span class='ocrx_word' id='word_1_109' title='bbox 651 1455 678 1507; x_wconf 98' lang='lat' dir='ltr'><strong><em>A</em></strong></span> <span class='ocrx_word' id='word_1_110' title='bbox 692 1480 726 1498; x_wconf 93' lang='lat'>=</span> <span class='ocrx_word' id='word_1_111' title='bbox 741 1455 943 1508; x_wconf 74' lang='lat' dir='ltr'><strong><em>Ambrosianus</em></strong></span> <span class='ocrx_word' id='word_1_112' title='bbox 961 1454 991 1507; x_wconf 91' lang='lat' dir='ltr'><strong><em>D</em></strong></span> <span class='ocrx_word' id='word_1_113' title='bbox 1011 1457 1045 1506; x_wconf 84' lang='lat'><strong><em>48</em></strong></span> <span class='ocrx_word' id='word_1_114' title='bbox 1064 1455 1128 1520; x_wconf 59' lang='lat' dir='ltr'><strong><em>inf„</em></strong></span> 
     </span>
     <span class='ocr_line' id='line_1_15' title="bbox 159 1525 1126 1596; baseline -0.002 -18"><span class='ocrx_word' id='word_1_115' title='bbox 159 1525 201 1578; x_wconf 85' lang='lat' dir='ltr'><strong><em>Re</em></strong></span> <span class='ocrx_word' id='word_1_116' title='bbox 216 1550 250 1568; x_wconf 95' lang='lat'><em>=</em></span> <span class='ocrx_word' id='word_1_117' title='bbox 265 1525 364 1595; x_wconf 73' lang='grc'>116916.</span> <span class='ocrx_word' id='word_1_118' title='bbox 386 1529 463 1590; x_wconf 92' lang='grc'>1260,</span> <span class='ocrx_word' id='word_1_119' title='bbox 496 1525 524 1578; x_wconf 86' lang='lat' dir='ltr'><em>R</em></span> <span class='ocrx_word' id='word_1_120' title='bbox 538 1551 572 1569; x_wconf 94' lang='lat'>=</span> <span class='ocrx_word' id='word_1_121' title='bbox 588 1525 687 1596; x_wconf 75' lang='lat' dir='ltr'><strong><em>Reyin.</em></strong></span> <span class='ocrx_word' id='word_1_122' title='bbox 707 1530 768 1591; x_wconf 88' lang='grc'>438,</span> <span class='ocrx_word' id='word_1_123' title='bbox 803 1525 876 1579; x_wconf 76' lang='lat' dir='ltr'><strong><em>G=</em></strong></span> <span class='ocrx_word' id='word_1_124' title='bbox 893 1525 1044 1580; x_wconf 75' lang='lat' dir='ltr'><strong><em>Gudianus</em></strong></span> <span class='ocrx_word' id='word_1_125' title='bbox 1065 1530 1126 1590; x_wconf 90' lang='grc'>132,</span> 
     </span>
     <span class='ocr_line' id='line_1_16' title="bbox 158 1595 1128 1663; baseline 0.002 -14"><span class='ocrx_word' id='word_1_126' title='bbox 158 1612 216 1649; x_wconf 90' lang='grc'><strong><em>6--</em></strong></span> <span class='ocrx_word' id='word_1_127' title='bbox 227 1595 380 1650; x_wconf 88' lang='lat' dir='ltr'><strong><em>Vaticanus</em></strong></span> <span class='ocrx_word' id='word_1_128' title='bbox 389 1601 451 1661; x_wconf 89' lang='grc'>438,</span> <span class='ocrx_word' id='word_1_129' title='bbox 476 1597 728 1651; x_wconf 87' lang='lat' dir='ltr'><strong><em>Vat=Vaticanus</em></strong></span> <span class='ocrx_word' id='word_1_130' title='bbox 738 1602 790 1650; x_wconf 79' lang='grc'><strong><em>644</em></strong></span> <span class='ocrx_word' id='word_1_131' title='bbox 806 1597 944 1663; x_wconf 79' lang='lat' dir='ltr'><strong><em>(contuli),</em></strong></span> <span class='ocrx_word' id='word_1_132' title='bbox 963 1595 1002 1651; x_wconf 79' lang='lat' dir='ltr'><strong><em>Sa</em></strong></span> <span class='ocrx_word' id='word_1_133' title='bbox 1012 1622 1046 1642; x_wconf 89' lang='lat'><strong><em>==</em></strong></span> <span class='ocrx_word' id='word_1_134' title='bbox 1056 1596 1128 1651; x_wconf 74' lang='lat' dir='ltr'><strong><em>Sm-</em></strong></span> 
     </span>
     <span class='ocr_line' id='line_1_17' title="bbox 158 1667 1128 1737; baseline 0 -17"><span class='ocrx_word' id='word_1_135' title='bbox 158 1667 223 1737; x_wconf 72' lang='grc'>960.</span> <span class='ocrx_word' id='word_1_136' title='bbox 235 1671 296 1733; x_wconf 82' lang='grc'>439,</span> <span class='ocrx_word' id='word_1_137' title='bbox 322 1668 374 1722; x_wconf 83' lang='lat' dir='ltr'><strong><em>Vai</em></strong></span> <span class='ocrx_word' id='word_1_138' title='bbox 388 1693 421 1712; x_wconf 90' lang='lat'><strong><em>==</em></strong></span> <span class='ocrx_word' id='word_1_139' title='bbox 441 1668 624 1722; x_wconf 85' lang='lat' dir='ltr'><strong><em>Valentianus</em></strong></span> <span class='ocrx_word' id='word_1_140' title='bbox 636 1673 689 1721; x_wconf 90' lang='grc'><strong><em>330</em></strong></span> <span class='ocrx_word' id='word_1_141' title='bbox 704 1669 751 1722; x_wconf 85' lang='lat' dir='ltr'><strong><em>bis.</em></strong></span> <span class='ocrx_word' id='word_1_142' title='bbox 768 1699 801 1708; x_wconf 92' lang='lat'>-</span> <span class='ocrx_word' id='word_1_143' title='bbox 816 1685 884 1722; x_wconf 88' lang='lat' dir='ltr'><strong><em>saec.</em></strong></span> <span class='ocrx_word' id='word_1_144' title='bbox 897 1668 957 1721; x_wconf 87' lang='lat' dir='ltr'><strong><em>XI:</em></strong></span> <span class='ocrx_word' id='word_1_145' title='bbox 978 1668 1044 1721; x_wconf 88' lang='lat'><strong><em>0=</em></strong></span> <span class='ocrx_word' id='word_1_146' title='bbox 1056 1667 1128 1722; x_wconf 84' lang='lat' dir='ltr'><strong><em>Ouo-</em></strong></span> 
     </span>
     <span class='ocr_line' id='line_1_18' title="bbox 158 1738 1130 1809; baseline 0.003 -19"><span class='ocrx_word' id='word_1_147' title='bbox 158 1738 263 1792; x_wconf 86' lang='lat' dir='ltr'><strong><em>nieusis</em></strong></span> <span class='ocrx_word' id='word_1_148' title='bbox 281 1738 309 1792; x_wconf 80' lang='lat' dir='ltr'><strong><em>S.</em></strong></span> <span class='ocrx_word' id='word_1_149' title='bbox 323 1739 385 1792; x_wconf 81' lang='lat' dir='ltr'><strong><em>Jon.</em></strong></span> <span class='ocrx_word' id='word_1_150' title='bbox 403 1743 444 1805; x_wconf 82' lang='lat'><strong><em>18,</em></strong></span> <span class='ocrx_word' id='word_1_151' title='bbox 464 1739 498 1792; x_wconf 88' lang='lat' dir='ltr'><em>N</em></span> <span class='ocrx_word' id='word_1_152' title='bbox 509 1765 542 1784; x_wconf 92' lang='lat'>=</span> <span class='ocrx_word' id='word_1_153' title='bbox 558 1740 708 1793; x_wconf 78' lang='lat' dir='ltr'><strong><em>Parisinus</em></strong></span> <span class='ocrx_word' id='word_1_154' title='bbox 725 1744 822 1806; x_wconf 93' lang='grc'>12117,</span> <span class='ocrx_word' id='word_1_155' title='bbox 841 1741 901 1809; x_wconf 69' lang='lat' dir='ltr'><strong><em>Rea</em></strong></span> <span class='ocrx_word' id='word_1_156' title='bbox 914 1766 948 1783; x_wconf 97' lang='lat'>=</span> <span class='ocrx_word' id='word_1_157' title='bbox 964 1739 1130 1809; x_wconf 74' lang='lat' dir='ltr'><strong><em>Rsyinensis</em></strong></span> 
     </span>
     <span class='ocr_line' id='line_1_19' title="bbox 161 1810 1127 1865; baseline 0.001 -4"><span class='ocrx_word' id='word_1_158' title='bbox 161 1814 220 1862; x_wconf 88' lang='grc'>123.</span> <span class='ocrx_word' id='word_1_159' title='bbox 238 1840 272 1848; x_wconf 89' lang='grc'><strong>-</strong></span> <span class='ocrx_word' id='word_1_160' title='bbox 290 1826 359 1864; x_wconf 89' lang='lat' dir='ltr'><strong><em>saec.</em></strong></span> <span class='ocrx_word' id='word_1_161' title='bbox 375 1810 538 1863; x_wconf 89' lang='lat' dir='ltr'><strong><em>XI-XII:</em></strong></span> <span class='ocrx_word' id='word_1_162' title='bbox 559 1810 596 1863; x_wconf 89' lang='lat' dir='ltr'><strong><em>M</em></strong></span> <span class='ocrx_word' id='word_1_163' title='bbox 604 1837 637 1854; x_wconf 95' lang='lat'><em>=</em></span> <span class='ocrx_word' id='word_1_164' title='bbox 649 1811 827 1864; x_wconf 78' lang='lat' dir='ltr'><strong><em>Monacensis</em></strong></span> <span class='ocrx_word' id='word_1_165' title='bbox 842 1815 937 1863; x_wconf 84' lang='grc'>14693.</span> <span class='ocrx_word' id='word_1_166' title='bbox 959 1841 991 1849; x_wconf 91' lang='lat'>-</span> <span class='ocrx_word' id='word_1_167' title='bbox 1011 1826 1031 1862; x_wconf 90' lang='lat' dir='ltr'><strong><em>s.</em></strong></span> <span class='ocrx_word' id='word_1_168' title='bbox 1048 1811 1127 1865; x_wconf 87' lang='lat' dir='ltr'><em>XII:</em></span> 
     </span>
     <span class='ocr_line' id='line_1_20' title="bbox 161 1880 1130 1952; baseline 0 -18"><span class='ocrx_word' id='word_1_169' title='bbox 161 1881 201 1935; x_wconf 89' lang='grc'><strong><em>06</em></strong></span> <span class='ocrx_word' id='word_1_170' title='bbox 216 1906 249 1926; x_wconf 86' lang='lat'><strong>=</strong></span> <span class='ocrx_word' id='word_1_171' title='bbox 266 1881 424 1952; x_wconf 70' lang='lat' dir='ltr'><strong><em>Cantabria.</em></strong></span> <span class='ocrx_word' id='word_1_172' title='bbox 454 1881 478 1936; x_wconf 88' lang='lat'><strong><em>0</em></strong></span> <span class='ocrx_word' id='word_1_173' title='bbox 496 1888 521 1948; x_wconf 87' lang='grc'><strong><em>2,</em></strong></span> <span class='ocrx_word' id='word_1_174' title='bbox 532 1887 574 1935; x_wconf 86' lang='grc'>24.</span> <span class='ocrx_word' id='word_1_175' title='bbox 603 1913 637 1921; x_wconf 92' lang='lat'>-</span> <span class='ocrx_word' id='word_1_176' title='bbox 666 1897 683 1940; x_wconf 88' lang='grc' dir='ltr'><strong><em>ς</em></strong></span> <span class='ocrx_word' id='word_1_177' title='bbox 698 1908 731 1926; x_wconf 98' lang='lat'><strong><em>=</em></strong></span> <span class='ocrx_word' id='word_1_178' title='bbox 746 1882 913 1947; x_wconf 84' lang='lat' dir='ltr'><strong><em>recentiores,</em></strong></span> <span class='ocrx_word' id='word_1_179' title='bbox 942 1881 972 1935; x_wconf 92' lang='lat' dir='ltr'><strong><em>D</em></strong></span> <span class='ocrx_word' id='word_1_180' title='bbox 987 1907 1021 1926; x_wconf 91' lang='lat'><em>=</em></span> <span class='ocrx_word' id='word_1_181' title='bbox 1037 1880 1130 1935; x_wconf 78' lang='lat' dir='ltr'><strong><em>Oodea</em></strong></span> 
     </span>
     <span class='ocr_line' id='line_1_21' title="bbox 160 1951 934 2022; baseline -0.003 -15"><span class='ocrx_word' id='word_1_182' title='bbox 160 1951 271 2007; x_wconf 80' lang='lat' dir='ltr'><strong><em>Guiacii</em></strong></span> <span class='ocrx_word' id='word_1_183' title='bbox 289 1971 307 2006; x_wconf 90' lang='lat' dir='ltr'><strong><em>a</em></strong></span> <span class='ocrx_word' id='word_1_184' title='bbox 326 1953 464 2022; x_wconf 72' lang='lat' dir='ltr'><strong><em>Scalioero</em></strong></span> <span class='ocrx_word' id='word_1_185' title='bbox 483 1953 563 2007; x_wconf 84' lang='lat' dir='ltr'><strong><em>Leid.</em></strong></span> <span class='ocrx_word' id='word_1_186' title='bbox 583 1954 629 2007; x_wconf 87' lang='lat' dir='ltr'><strong><em>iat.</em></strong></span> <span class='ocrx_word' id='word_1_187' title='bbox 650 1969 673 2020; x_wconf 80' lang='grc'><strong><em>6.</em></strong></span> <span class='ocrx_word' id='word_1_188' title='bbox 689 1959 721 2006; x_wconf 90' lang='grc'><strong><em>61</em></strong></span> <span class='ocrx_word' id='word_1_189' title='bbox 743 1954 934 2021; x_wconf 76' lang='lat' dir='ltr'><strong><em>transcriptus.</em></strong></span> 
     </span>
    </p>
   </div>
   <div class='ocr_carea' id='block_1_4' title="bbox 156 2038 1130 3176">
    <p class='ocr_par' dir='ltr' id='par_1_4' title="bbox 156 2038 1130 3176">
     <span class='ocr_line' id='line_1_22' title="bbox 230 2038 1128 2110; baseline 0 -17"><span class='ocrx_word' id='word_1_190' title='bbox 230 2039 300 2094; x_wconf 77' lang='lat' dir='ltr'><strong><em>sto.</em></strong></span> <span class='ocrx_word' id='word_1_191' title='bbox 335 2040 429 2094; x_wconf 77' lang='grc'>01160</span> <span class='ocrx_word' id='word_1_192' title='bbox 446 2039 614 2094; x_wconf 84' lang='lat' dir='ltr'><strong><em>ARoVat</em></strong></span> <span class='ocrx_word' id='word_1_193' title='bbox 627 2040 666 2095; x_wconf 83' lang='lat' dir='ltr'><strong><em>Sa</em></strong></span> <span class='ocrx_word' id='word_1_194' title='bbox 680 2041 740 2094; x_wconf 83' lang='lat' dir='ltr'><strong><em>EO</em></strong></span> <span class='ocrx_word' id='word_1_195' title='bbox 754 2041 813 2110; x_wconf 74' lang='grc'>1769</span> <span class='ocrx_word' id='word_1_196' title='bbox 829 2041 867 2095; x_wconf 91' lang='lat' dir='ltr'><strong><em>D.</em></strong></span> <span class='ocrx_word' id='word_1_197' title='bbox 907 2038 1128 2107; x_wconf 55' lang='grc'>060166716-</span> 
     </span>
     <span class='ocr_line' id='line_1_23' title="bbox 158 2111 1128 2182; baseline -0.002 -17"><span class='ocrx_word' id='word_1_198' title='bbox 158 2111 218 2165; x_wconf 78' lang='lat' dir='ltr'><strong><em>ooo.</em></strong></span> <span class='ocrx_word' id='word_1_199' title='bbox 239 2116 334 2177; x_wconf 77' lang='lat'>6‚324.</span> <span class='ocrx_word' id='word_1_200' title='bbox 376 2111 555 2166; x_wconf 84' lang='lat' dir='ltr'><strong><em>Testimonia:</em></strong></span> <span class='ocrx_word' id='word_1_201' title='bbox 584 2118 607 2164; x_wconf 88' lang='lat'><strong><em>1.</em></strong></span> <span class='ocrx_word' id='word_1_202' title='bbox 627 2112 816 2182; x_wconf 76' lang='lat' dir='ltr'><strong><em>Hieronymus</em></strong></span> <span class='ocrx_word' id='word_1_203' title='bbox 835 2116 973 2165; x_wconf 86' lang='lat' dir='ltr'><strong><em>comment.</em></strong></span> <span class='ocrx_word' id='word_1_204' title='bbox 997 2111 1029 2164; x_wconf 89' lang='lat' dir='ltr'><strong><em>in</em></strong></span> <span class='ocrx_word' id='word_1_205' title='bbox 1055 2111 1128 2164; x_wconf 76' lang='lat' dir='ltr'><strong><em>Ene-</em></strong></span> 
     </span>
     <span class='ocr_line' id='line_1_24' title="bbox 158 2180 1128 2252; baseline 0 -18"><span class='ocrx_word' id='word_1_206' title='bbox 158 2183 265 2236; x_wconf 78' lang='lat' dir='ltr'><strong><em>ciu&#39;elem</em></strong></span> <span class='ocrx_word' id='word_1_207' title='bbox 294 2184 316 2236; x_wconf 93' lang='lat' dir='ltr'><strong><em>I</em></strong></span> <span class='ocrx_word' id='word_1_208' title='bbox 331 2187 359 2236; x_wconf 76' lang='lat'><strong><em>7:</em></strong></span> <span class='ocrx_word' id='word_1_209' title='bbox 389 2183 535 2250; x_wconf 77' lang='lat' dir='ltr'><strong><em>‘quattuor</em></strong></span> <span class='ocrx_word' id='word_1_210' title='bbox 560 2185 719 2252; x_wconf 80' lang='lat' dir='ltr'><strong><em>temporum</em></strong></span> <span class='ocrx_word' id='word_1_211' title='bbox 748 2182 932 2235; x_wconf 88' lang='lat' dir='ltr'><strong><em>circulum..</em></strong></span> <span class='ocrx_word' id='word_1_212' title='bbox 960 2182 995 2234; x_wconf 86' lang='lat' dir='ltr'><strong><em>de</em></strong></span> <span class='ocrx_word' id='word_1_213' title='bbox 1024 2180 1128 2250; x_wconf 82' lang='lat' dir='ltr'><strong><em>quibus</em></strong></span> 
     </span>
     <span class='ocr_line' id='line_1_25' title="bbox 158 2252 1128 2322; baseline 0 -17"><span class='ocrx_word' id='word_1_214' title='bbox 158 2252 276 2322; x_wconf 76' lang='lat' dir='ltr'><strong><em>pulchre</em></strong></span> <span class='ocrx_word' id='word_1_215' title='bbox 300 2269 357 2306; x_wconf 92' lang='lat' dir='ltr'><strong><em>uno</em></strong></span> <span class='ocrx_word' id='word_1_216' title='bbox 385 2253 522 2307; x_wconf 82' lang='lat' dir='ltr'><strong><em>versiculo</em></strong></span> <span class='ocrx_word' id='word_1_217' title='bbox 551 2254 658 2307; x_wconf 77' lang='lat' dir='ltr'><strong><em>dicium</em></strong></span> <span class='ocrx_word' id='word_1_218' title='bbox 687 2255 741 2308; x_wconf 83' lang='lat' dir='ltr'><strong><em>esi:</em></strong></span> <span class='ocrx_word' id='word_1_219' title='bbox 770 2253 826 2307; x_wconf 85' lang='lat' dir='ltr'><strong><em>Ver</em></strong></span> <span class='ocrx_word' id='word_1_220' title='bbox 854 2255 946 2307; x_wconf 75' lang='lat' dir='ltr'><strong><em>aestas</em></strong></span> <span class='ocrx_word' id='word_1_221' title='bbox 975 2255 1128 2306; x_wconf 80' lang='lat' dir='ltr'><strong><em>autumnus</em></strong></span> 
     </span>
     <span class='ocr_line' id='line_1_26' title="bbox 157 2323 1127 2393; baseline 0.002 -17"><span class='ocrx_word' id='word_1_222' title='bbox 157 2323 249 2377; x_wconf 86' lang='lat' dir='ltr'><strong><em>hiems</em></strong></span> <span class='ocrx_word' id='word_1_223' title='bbox 268 2325 302 2393; x_wconf 90' lang='lat' dir='ltr'><strong><em>(a.</em></strong></span> <span class='ocrx_word' id='word_1_224' title='bbox 320 2326 372 2393; x_wconf 92' lang='grc'>12),</span> <span class='ocrx_word' id='word_1_225' title='bbox 392 2327 421 2378; x_wconf 84' lang='lat' dir='ltr'><strong><em>et</em></strong></span> <span class='ocrx_word' id='word_1_226' title='bbox 439 2325 543 2378; x_wconf 87' lang='lat' dir='ltr'><strong><em>mensis</em></strong></span> <span class='ocrx_word' id='word_1_227' title='bbox 563 2325 591 2377; x_wconf 87' lang='lat' dir='ltr'><strong><em>et</em></strong></span> <span class='ocrx_word' id='word_1_228' title='bbox 610 2326 720 2379; x_wconf 63' lang='lat' dir='ltr'><strong><em>annus)</em></strong></span> <span class='ocrx_word' id='word_1_229' title='bbox 760 2331 783 2378; x_wconf 87' lang='grc'><strong><em>2.</em></strong></span> <span class='ocrx_word' id='word_1_230' title='bbox 799 2325 973 2379; x_wconf 81' lang='lat' dir='ltr'><strong><em>Dracontius</em></strong></span> <span class='ocrx_word' id='word_1_231' title='bbox 990 2325 1022 2378; x_wconf 90' lang='lat' dir='ltr'><strong><em>in</em></strong></span> <span class='ocrx_word' id='word_1_232' title='bbox 1040 2325 1127 2380; x_wconf 77' lang='lat' dir='ltr'><strong><em>Satis-</em></strong></span> 
     </span>
     <span class='ocr_line' id='line_1_27' title="bbox 156 2395 1122 2465; baseline -0.001 -17"><span class='ocrx_word' id='word_1_233' title='bbox 156 2395 277 2462; x_wconf 79' lang='lat' dir='ltr'><strong><em>sactione</em></strong></span> <span class='ocrx_word' id='word_1_234' title='bbox 295 2411 317 2448; x_wconf 91' lang='lat' dir='ltr'><strong><em>e.</em></strong></span> <span class='ocrx_word' id='word_1_235' title='bbox 336 2412 403 2450; x_wconf 91' lang='lat' dir='ltr'><strong><em>ann.</em></strong></span> <span class='ocrx_word' id='word_1_236' title='bbox 423 2400 475 2447; x_wconf 89' lang='grc'>490</span> <span class='ocrx_word' id='word_1_237' title='bbox 494 2398 598 2464; x_wconf 61' lang='lat' dir='ltr'><strong><em>carrata</em></strong></span> <span class='ocrx_word' id='word_1_238' title='bbox 612 2413 636 2450; x_wconf 91' lang='grc'><strong><em>6.</em></strong></span> <span class='ocrx_word' id='word_1_239' title='bbox 652 2401 703 2448; x_wconf 91' lang='grc'><strong><em>219</em></strong></span> <span class='ocrx_word' id='word_1_240' title='bbox 717 2413 772 2465; x_wconf 76' lang='lat' dir='ltr'><strong><em>sqq.</em></strong></span> <span class='ocrx_word' id='word_1_241' title='bbox 791 2397 871 2450; x_wconf 83' lang='lat' dir='ltr'><strong><em>habet</em></strong></span> <span class='ocrx_word' id='word_1_242' title='bbox 888 2413 909 2450; x_wconf 91' lang='lat' dir='ltr'><strong><em>c.</em></strong></span> <span class='ocrx_word' id='word_1_243' title='bbox 926 2400 987 2462; x_wconf 87' lang='grc'>676,</span> <span class='ocrx_word' id='word_1_244' title='bbox 998 2400 1027 2462; x_wconf 77' lang='lat'><strong><em>33</em></strong></span> <span class='ocrx_word' id='word_1_245' title='bbox 1043 2400 1122 2460; x_wconf 78' lang='lat'><strong><em>4-63</em></strong></span> 
     </span>
     <span class='ocr_line' id='line_1_28' title="bbox 160 2466 1127 2536; baseline -0.002 -15"><span class='ocrx_word' id='word_1_246' title='bbox 160 2472 207 2531; x_wconf 77' lang='lat'><strong><em>123</em></strong></span> <span class='ocrx_word' id='word_1_247' title='bbox 227 2472 243 2520; x_wconf 88' lang='lat'>8</span> <span class='ocrx_word' id='word_1_248' title='bbox 262 2467 398 2534; x_wconf 76' lang='lat' dir='ltr'><strong><em>iispusos</em></strong></span> <span class='ocrx_word' id='word_1_249' title='bbox 412 2473 436 2520; x_wconf 92' lang='lat' dir='ltr'><strong><em>et</em></strong></span> <span class='ocrx_word' id='word_1_250' title='bbox 451 2472 502 2520; x_wconf 87' lang='grc'><strong><em>220</em></strong></span> <span class='ocrx_word' id='word_1_251' title='bbox 523 2466 673 2536; x_wconf 77' lang='lat' dir='ltr'><strong><em>‘Tempora</em></strong></span> <span class='ocrx_word' id='word_1_252' title='bbox 693 2467 862 2533; x_wconf 75' lang='grc'>66666166,</span> <span class='ocrx_word' id='word_1_253' title='bbox 882 2469 1009 2535; x_wconf 79' lang='lat' dir='ltr'><strong><em>temporo</em></strong></span> <span class='ocrx_word' id='word_1_254' title='bbox 1028 2466 1127 2519; x_wconf 80' lang='lat' dir='ltr'><strong><em>mortis</em></strong></span> 
     </span>
     <span class='ocr_line' id='line_1_29' title="bbox 158 2537 1129 2607; baseline -0.001 -15"><span class='ocrx_word' id='word_1_255' title='bbox 158 2539 236 2592; x_wconf 83' lang='lat' dir='ltr'><strong><em>euni’</em></strong></span> <span class='ocrx_word' id='word_1_256' title='bbox 253 2539 298 2606; x_wconf 81' lang='lat' dir='ltr'><strong><em>(cf.</em></strong></span> <span class='ocrx_word' id='word_1_257' title='bbox 313 2555 338 2591; x_wconf 90' lang='grc'><strong><em>6.</em></strong></span> <span class='ocrx_word' id='word_1_258' title='bbox 350 2540 388 2607; x_wconf 85' lang='grc'><strong><em>9);</em></strong></span> <span class='ocrx_word' id='word_1_259' title='bbox 408 2539 479 2592; x_wconf 81' lang='lat' dir='ltr'><strong><em>idem</em></strong></span> <span class='ocrx_word' id='word_1_260' title='bbox 492 2539 606 2593; x_wconf 83' lang='lat' dir='ltr'><strong><em>Medeae</em></strong></span> <span class='ocrx_word' id='word_1_261' title='bbox 619 2543 706 2593; x_wconf 81' lang='grc'>6132</span> <span class='ocrx_word' id='word_1_262' title='bbox 723 2538 790 2592; x_wconf 73' lang='lat' dir='ltr'><strong><em>‘Alc</em></strong></span> <span class='ocrx_word' id='word_1_263' title='bbox 807 2537 886 2592; x_wconf 87' lang='lat' dir='ltr'><strong><em>clem.</em></strong></span> <span class='ocrx_word' id='word_1_264' title='bbox 899 2537 993 2592; x_wconf 82' lang='lat' dir='ltr'><strong><em>vices’</em></strong></span> <span class='ocrx_word' id='word_1_265' title='bbox 1033 2544 1057 2590; x_wconf 86' lang='lat'><strong><em>3.</em></strong></span> <span class='ocrx_word' id='word_1_266' title='bbox 1078 2538 1129 2592; x_wconf 88' lang='grc'><strong><em>06-</em></strong></span> 
     </span>
     <span class='ocr_line' id='line_1_30' title="bbox 159 2608 1129 2678; baseline -0.002 -14"><span class='ocrx_word' id='word_1_267' title='bbox 159 2610 307 2664; x_wconf 83' lang='lat' dir='ltr'><strong><em>lumbanus</em></strong></span> <span class='ocrx_word' id='word_1_268' title='bbox 325 2612 354 2677; x_wconf 89' lang='lat'><strong><em>(†</em></strong></span> <span class='ocrx_word' id='word_1_269' title='bbox 369 2611 432 2678; x_wconf 80' lang='grc'>618)</span> <span class='ocrx_word' id='word_1_270' title='bbox 455 2616 578 2664; x_wconf 81' lang='lat' dir='ltr'><strong><em>nostrum</em></strong></span> <span class='ocrx_word' id='word_1_271' title='bbox 596 2611 636 2664; x_wconf 88' lang='lat' dir='ltr'><strong><em>sic</em></strong></span> <span class='ocrx_word' id='word_1_272' title='bbox 655 2611 798 2678; x_wconf 77' lang='lat' dir='ltr'><strong><em>suscripsit</em></strong></span> <span class='ocrx_word' id='word_1_273' title='bbox 822 2612 853 2663; x_wconf 91' lang='lat' dir='ltr'><strong><em>in</em></strong></span> <span class='ocrx_word' id='word_1_274' title='bbox 877 2610 1005 2664; x_wconf 84' lang='lat' dir='ltr'><strong><em>Versibus</em></strong></span> <span class='ocrx_word' id='word_1_275' title='bbox 1024 2609 1061 2662; x_wconf 78' lang='lat' dir='ltr'><strong><em>ad</em></strong></span> <span class='ocrx_word' id='word_1_276' title='bbox 1080 2608 1129 2662; x_wconf 81' lang='lat' dir='ltr'><strong><em>Sc-</em></strong></span> 
     </span>
     <span class='ocr_line' id='line_1_31' title="bbox 158 2679 1127 2735; baseline -0.001 -2"><span class='ocrx_word' id='word_1_277' title='bbox 158 2682 234 2734; x_wconf 88' lang='lat' dir='ltr'><strong><em>thum</em></strong></span> <span class='ocrx_word' id='word_1_278' title='bbox 244 2685 362 2733; x_wconf 77' lang='lat'>61—70:</span> <span class='ocrx_word' id='word_1_279' title='bbox 377 2679 497 2734; x_wconf 86' lang='lat' dir='ltr'><strong><em>Pulchre</em></strong></span> <span class='ocrx_word' id='word_1_280' title='bbox 511 2680 627 2734; x_wconf 81' lang='lat' dir='ltr'><strong><em>veridici</em></strong></span> <span class='ocrx_word' id='word_1_281' title='bbox 643 2681 747 2734; x_wconf 85' lang='lat' dir='ltr'><strong><em>cecinit</em></strong></span> <span class='ocrx_word' id='word_1_282' title='bbox 757 2698 810 2734; x_wconf 85' lang='lat' dir='ltr'><strong><em>vox</em></strong></span> <span class='ocrx_word' id='word_1_283' title='bbox 819 2681 891 2735; x_wconf 80' lang='lat' dir='ltr'><strong><em>tolie</em></strong></span> <span class='ocrx_word' id='word_1_284' title='bbox 902 2680 988 2734; x_wconf 80' lang='lat' dir='ltr'><strong><em>vetis:</em></strong></span> <span class='ocrx_word' id='word_1_285' title='bbox 1004 2697 1028 2734; x_wconf 89' lang='grc'><strong><em>6.</em></strong></span> <span class='ocrx_word' id='word_1_286' title='bbox 1039 2686 1127 2733; x_wconf 91' lang='grc'>2-12</span> 
     </span>
     <span class='ocr_line' id='line_1_32' title="bbox 158 2752 1128 2821; baseline -0.002 -16"><span class='ocrx_word' id='word_1_287' title='bbox 158 2753 223 2820; x_wconf 83' lang='lat' dir='ltr'><strong><em>(eac.</em></strong></span> <span class='ocrx_word' id='word_1_288' title='bbox 243 2768 267 2806; x_wconf 90' lang='lat' dir='ltr'><strong><em>u.</em></strong></span> <span class='ocrx_word' id='word_1_289' title='bbox 283 2753 310 2821; x_wconf 88' lang='grc'><strong><em>4)</em></strong></span> <span class='ocrx_word' id='word_1_290' title='bbox 338 2758 363 2805; x_wconf 92' lang='lat' dir='ltr'><strong><em>et</em></strong></span> <span class='ocrx_word' id='word_1_291' title='bbox 386 2752 422 2805; x_wconf 85' lang='lat' dir='ltr'><strong><em>ib.</em></strong></span> <span class='ocrx_word' id='word_1_292' title='bbox 441 2757 498 2806; x_wconf 88' lang='grc'><strong><em>67</em></strong></span> <span class='ocrx_word' id='word_1_293' title='bbox 526 2753 609 2820; x_wconf 86' lang='lat' dir='ltr'><strong><em>(=u.</em></strong></span> <span class='ocrx_word' id='word_1_294' title='bbox 626 2755 670 2821; x_wconf 91' lang='grc'><strong><em>10)</em></strong></span> <span class='ocrx_word' id='word_1_295' title='bbox 699 2758 724 2806; x_wconf 88' lang='lat' dir='ltr'><strong><em>et</em></strong></span> <span class='ocrx_word' id='word_1_296' title='bbox 750 2753 788 2806; x_wconf 85' lang='lat' dir='ltr'><strong><em>ad</em></strong></span> <span class='ocrx_word' id='word_1_297' title='bbox 816 2753 983 2807; x_wconf 83' lang='lat' dir='ltr'><strong><em>Hunaldum</em></strong></span> <span class='ocrx_word' id='word_1_298' title='bbox 1011 2757 1027 2804; x_wconf 89' lang='grc'>3</span> <span class='ocrx_word' id='word_1_299' title='bbox 1054 2752 1128 2819; x_wconf 89' lang='lat' dir='ltr'><strong><em>(item</em></strong></span> 
     </span>
     <span class='ocr_line' id='line_1_33' title="bbox 158 2822 1129 2893; baseline 0 -17"><span class='ocrx_word' id='word_1_300' title='bbox 158 2826 304 2893; x_wconf 87' lang='lat' dir='ltr'><strong>=u.10);</strong></span> <span class='ocrx_word' id='word_1_301' title='bbox 323 2823 358 2888; x_wconf 83' lang='lat' dir='ltr'><strong><em>cf.</em></strong></span> <span class='ocrx_word' id='word_1_302' title='bbox 380 2822 535 2888; x_wconf 77' lang='lat' dir='ltr'><strong><em>Gmtdlaeit,</em></strong></span> <span class='ocrx_word' id='word_1_303' title='bbox 559 2824 630 2877; x_wconf 87' lang='lat' dir='ltr'><strong><em>Nou.</em></strong></span> <span class='ocrx_word' id='word_1_304' title='bbox 650 2825 762 2878; x_wconf 79' lang='lat' dir='ltr'><strong><em>Archia</em></strong></span> <span class='ocrx_word' id='word_1_305' title='bbox 778 2829 820 2890; x_wconf 83' lang='grc'><strong><em>13,</em></strong></span> <span class='ocrx_word' id='word_1_306' title='bbox 830 2829 882 2877; x_wconf 89' lang='grc'><strong><em>499</em></strong></span> <span class='ocrx_word' id='word_1_307' title='bbox 897 2840 952 2892; x_wconf 76' lang='lat' dir='ltr'><strong><em>sqq.</em></strong></span> <span class='ocrx_word' id='word_1_308' title='bbox 979 2853 1013 2862; x_wconf 90' lang='lat'><strong><em>—-</em></strong></span> <span class='ocrx_word' id='word_1_309' title='bbox 1038 2823 1129 2887; x_wconf 79' lang='lat' dir='ltr'><strong><em>Vides,</em></strong></span> 
     </span>
     <span class='ocr_line' id='line_1_34' title="bbox 158 2894 1129 2964; baseline -0.001 -16"><span class='ocrx_word' id='word_1_310' title='bbox 158 2896 360 2964; x_wconf 80' lang='lat' dir='ltr'><strong><em>Hieronymum</em></strong></span> <span class='ocrx_word' id='word_1_311' title='bbox 374 2894 431 2947; x_wconf 86' lang='lat' dir='ltr'><strong><em>iam</em></strong></span> <span class='ocrx_word' id='word_1_312' title='bbox 444 2896 607 2948; x_wconf 83' lang='lat' dir='ltr'><strong><em>uersiculum</em></strong></span> <span class='ocrx_word' id='word_1_313' title='bbox 616 2897 704 2950; x_wconf 81' lang='lat' dir='ltr'><strong><em>nostri</em></strong></span> <span class='ocrx_word' id='word_1_314' title='bbox 717 2896 767 2949; x_wconf 88' lang='lat' dir='ltr'><strong><em>etsi</em></strong></span> <span class='ocrx_word' id='word_1_315' title='bbox 780 2895 910 2949; x_wconf 86' lang='lat' dir='ltr'><strong><em>memoria</em></strong></span> <span class='ocrx_word' id='word_1_316' title='bbox 923 2895 1036 2960; x_wconf 80' lang='lat' dir='ltr'><strong><em>fallente</em></strong></span> <span class='ocrx_word' id='word_1_317' title='bbox 1054 2899 1129 2948; x_wconf 76' lang='lat' dir='ltr'><strong><em>otiu</em></strong></span> 
     </span>
     <span class='ocr_line' id='line_1_35' title="bbox 158 2964 1129 3034; baseline 0.002 -17"><span class='ocrx_word' id='word_1_318' title='bbox 158 2966 228 3031; x_wconf 84' lang='lat' dir='ltr'><strong><em>iisse,</em></strong></span> <span class='ocrx_word' id='word_1_319' title='bbox 260 2971 318 3018; x_wconf 88' lang='lat' dir='ltr'><strong><em>tum</em></strong></span> <span class='ocrx_word' id='word_1_320' title='bbox 345 2964 532 3020; x_wconf 85' lang='lat' dir='ltr'><strong><em>Dracontium</em></strong></span> <span class='ocrx_word' id='word_1_321' title='bbox 555 2968 655 3034; x_wconf 78' lang='lat' dir='ltr'><strong><em>plura,</em></strong></span> <span class='ocrx_word' id='word_1_322' title='bbox 685 2967 884 3021; x_wconf 84' lang='lat' dir='ltr'><strong><em>Columbanum</em></strong></span> <span class='ocrx_word' id='word_1_323' title='bbox 909 2966 1036 3034; x_wconf 73' lang='lat' dir='ltr'><strong><em>plurima</em></strong></span> <span class='ocrx_word' id='word_1_324' title='bbox 1063 2965 1129 3019; x_wconf 86' lang='lat' dir='ltr'><strong><em>inde</em></strong></span> 
     </span>
     <span class='ocr_line' id='line_1_36' title="bbox 157 3037 1130 3105; baseline -0.001 -14"><span class='ocrx_word' id='word_1_325' title='bbox 157 3037 287 3091; x_wconf 77' lang='lat' dir='ltr'><strong><em>hausisse.</em></strong></span> <span class='ocrx_word' id='word_1_326' title='bbox 325 3037 424 3091; x_wconf 80' lang='lat' dir='ltr'><strong><em>Postea</em></strong></span> <span class='ocrx_word' id='word_1_327' title='bbox 438 3038 518 3092; x_wconf 84' lang='lat' dir='ltr'><strong><em>Beda</em></strong></span> <span class='ocrx_word' id='word_1_328' title='bbox 532 3044 617 3092; x_wconf 92' lang='lat' dir='ltr'><strong><em>totum</em></strong></span> <span class='ocrx_word' id='word_1_329' title='bbox 631 3054 741 3092; x_wconf 89' lang='lat' dir='ltr'><strong><em>carmen</em></strong></span> <span class='ocrx_word' id='word_1_330' title='bbox 759 3039 832 3093; x_wconf 87' lang='lat' dir='ltr'><strong><em>inter</em></strong></span> <span class='ocrx_word' id='word_1_331' title='bbox 844 3055 897 3091; x_wconf 90' lang='lat' dir='ltr'><strong><em>sua</em></strong></span> <span class='ocrx_word' id='word_1_332' title='bbox 910 3038 1010 3105; x_wconf 76' lang='lat' dir='ltr'><strong><em>recepit</em></strong></span> <span class='ocrx_word' id='word_1_333' title='bbox 1015 3057 1025 3103; x_wconf 91' lang='lat'><em>;</em></span> <span class='ocrx_word' id='word_1_334' title='bbox 1044 3052 1130 3105; x_wconf 76' lang='lat' dir='ltr'><strong><em>quare</em></strong></span> 
     </span>
     <span class='ocr_line' id='line_1_37' title="bbox 157 3109 476 3176; baseline 0.003 -15"><span class='ocrx_word' id='word_1_335' title='bbox 157 3109 218 3161; x_wconf 88' lang='lat' dir='ltr'><strong><em>eius</em></strong></span> <span class='ocrx_word' id='word_1_336' title='bbox 236 3124 290 3162; x_wconf 88' lang='lat' dir='ltr'><strong><em>esse</em></strong></span> <span class='ocrx_word' id='word_1_337' title='bbox 305 3109 476 3176; x_wconf 77' lang='lat' dir='ltr'><strong><em>putabatur:</em></strong></span> 
     </span>
    </p>
   </div>
   <div class='ocr_carea' id='block_1_5' title="bbox 280 3195 1057 3334">
    <p class='ocr_par' dir='ltr' id='par_1_5' title="bbox 280 3195 1057 3334">
     <span class='ocr_line' id='line_1_38' title="bbox 280 3195 977 3252; baseline -0.001 -3"><span class='ocrx_word' id='word_1_338' title='bbox 280 3195 338 3250; x_wconf 86' lang='lat' dir='ltr'><strong><em>Hos</em></strong></span> <span class='ocrx_word' id='word_1_339' title='bbox 358 3197 447 3250; x_wconf 84' lang='lat' dir='ltr'><strong><em>claros</em></strong></span> <span class='ocrx_word' id='word_1_340' title='bbox 466 3213 561 3252; x_wconf 85' lang='lat' dir='ltr'><strong><em>versus</em></strong></span> <span class='ocrx_word' id='word_1_341' title='bbox 579 3197 748 3252; x_wconf 80' lang='lat' dir='ltr'><strong><em>venerabilis</em></strong></span> <span class='ocrx_word' id='word_1_342' title='bbox 768 3196 860 3251; x_wconf 81' lang='lat' dir='ltr'><strong><em>edidit</em></strong></span> <span class='ocrx_word' id='word_1_343' title='bbox 879 3199 977 3250; x_wconf 77' lang='lat' dir='ltr'><strong><em>suctos</em></strong></span> 
     </span>
     <span class='ocr_line' id='line_1_39' title="bbox 280 3268 1057 3334; baseline -0.001 -13"><span class='ocrx_word' id='word_1_344' title='bbox 280 3269 358 3322; x_wconf 79' lang='lat' dir='ltr'><strong><em>Bedo</em></strong></span> <span class='ocrx_word' id='word_1_345' title='bbox 377 3285 464 3334; x_wconf 81' lang='lat' dir='ltr'><strong><em>secer,</em></strong></span> <span class='ocrx_word' id='word_1_346' title='bbox 483 3269 605 3322; x_wconf 83' lang='lat' dir='ltr'><strong><em>multum</em></strong></span> <span class='ocrx_word' id='word_1_347' title='bbox 623 3269 715 3322; x_wconf 88' lang='lat' dir='ltr'><strong><em>nitido</em></strong></span> <span class='ocrx_word' id='word_1_348' title='bbox 735 3285 861 3323; x_wconf 84' lang='lat' dir='ltr'><strong><em>sermono</em></strong></span> <span class='ocrx_word' id='word_1_349' title='bbox 881 3284 1012 3321; x_wconf 84' lang='lat' dir='ltr'><strong><em>coruscus</em></strong></span> <span class='ocrx_word' id='word_1_350' title='bbox 1034 3268 1057 3321; x_wconf 89' lang='lat'><strong><em>0</em></strong></span> 
     </span>
    </p>
   </div>
   <div class='ocr_carea' id='block_1_6' title="bbox 154 3356 1129 3627">
    <p class='ocr_par' dir='ltr' id='par_1_6' title="bbox 156 3356 1129 3484">
     <span class='ocr_line' id='line_1_40' title="bbox 156 3356 1129 3430; baseline 0 -19"><span class='ocrx_word' id='word_1_351' title='bbox 156 3356 282 3427; x_wconf 85' lang='lat' dir='ltr'><strong><em>U(ersus)</em></strong></span> <span class='ocrx_word' id='word_1_352' title='bbox 302 3358 378 3430; x_wconf 75' lang='lat' dir='ltr'><strong><em>Bode</em></strong></span> <span class='ocrx_word' id='word_1_353' title='bbox 403 3359 463 3412; x_wconf 90' lang='lat' dir='ltr'><strong><em>Vat.</em></strong></span> <span class='ocrx_word' id='word_1_354' title='bbox 499 3357 542 3411; x_wconf 88' lang='lat' dir='ltr'><strong><em>Do</em></strong></span> <span class='ocrx_word' id='word_1_355' title='bbox 561 3360 691 3426; x_wconf 82' lang='lat' dir='ltr'><strong><em>compoto</em></strong></span> <span class='ocrx_word' id='word_1_356' title='bbox 711 3358 740 3411; x_wconf 92' lang='lat' dir='ltr'><strong><em>D</em></strong></span> <span class='ocrx_word' id='word_1_357' title='bbox 746 3379 756 3424; x_wconf 91' lang='lat'><em>;</em></span> <span class='ocrx_word' id='word_1_358' title='bbox 775 3375 825 3412; x_wconf 91' lang='grc'><strong><em>66.</em></strong></span> <span class='ocrx_word' id='word_1_359' title='bbox 848 3357 876 3412; x_wconf 86' lang='grc'>0.</span> <span class='ocrx_word' id='word_1_360' title='bbox 896 3389 930 3397; x_wconf 93' lang='grc'>-</span> <span class='ocrx_word' id='word_1_361' title='bbox 949 3362 1003 3411; x_wconf 89' lang='lat' dir='ltr'><strong><em>u.1</em></strong></span> <span class='ocrx_word' id='word_1_362' title='bbox 1024 3374 1091 3410; x_wconf 92' lang='grc'><strong><em>666</em></strong></span> <span class='ocrx_word' id='word_1_363' title='bbox 1110 3375 1129 3411; x_wconf 89' lang='grc'><strong><em>6</em></strong></span> 
     </span>
     <span class='ocr_line' id='line_1_41' title="bbox 156 3426 1056 3484; baseline -0.002 -2"><span class='ocrx_word' id='word_1_364' title='bbox 156 3429 238 3484; x_wconf 84' lang='lat' dir='ltr'><strong><em>Beda</em></strong></span> <span class='ocrx_word' id='word_1_365' title='bbox 261 3431 482 3484; x_wconf 71' lang='lat' dir='ltr'><strong><em>demortui</em></strong></span> <span class='ocrx_word' id='word_1_366' title='bbox 510 3429 546 3484; x_wconf 84' lang='lat' dir='ltr'><strong><em>ab</em></strong></span> <span class='ocrx_word' id='word_1_367' title='bbox 569 3430 659 3484; x_wconf 87' lang='lat' dir='ltr'><strong><em>eodem</em></strong></span> <span class='ocrx_word' id='word_1_368' title='bbox 686 3446 719 3483; x_wconf 82' lang='grc'><strong><em>66</em></strong></span> <span class='ocrx_word' id='word_1_369' title='bbox 749 3428 917 3484; x_wconf 79' lang='grc'>06660666</span> <span class='ocrx_word' id='word_1_370' title='bbox 945 3426 1056 3482; x_wconf 77' lang='lat' dir='ltr'><strong><em>auditi?</em></strong></span> 
     </span>
    </p>

    <p class='ocr_par' dir='ltr' id='par_1_7' title="bbox 154 3499 1128 3627">
     <span class='ocr_line' id='line_1_42' title="bbox 158 3499 1128 3571; baseline 0 -18"><span class='ocrx_word' id='word_1_371' title='bbox 158 3505 171 3553; x_wconf 94' lang='lat'>1</span> <span class='ocrx_word' id='word_1_372' title='bbox 191 3500 258 3554; x_wconf 83' lang='lat' dir='ltr'><strong><em>uult</em></strong></span> <span class='ocrx_word' id='word_1_373' title='bbox 276 3501 326 3571; x_wconf 89' lang='lat' dir='ltr'><strong><em>qui</em></strong></span> <span class='ocrx_word' id='word_1_374' title='bbox 345 3515 513 3569; x_wconf 81' lang='lat' dir='ltr'><strong><em>cognoscere</em></strong></span> <span class='ocrx_word' id='word_1_375' title='bbox 532 3501 573 3554; x_wconf 85' lang='lat' dir='ltr'><strong><em>Re</em></strong></span> <span class='ocrx_word' id='word_1_376' title='bbox 646 3506 661 3552; x_wconf 90' lang='grc'>2</span> <span class='ocrx_word' id='word_1_377' title='bbox 682 3502 774 3570; x_wconf 70' lang='lat' dir='ltr'><strong><em>(Vera.</em></strong></span> <span class='ocrx_word' id='word_1_378' title='bbox 790 3501 860 3554; x_wconf 89' lang='lat' dir='ltr'><strong><em>Aen.</em></strong></span> <span class='ocrx_word' id='word_1_379' title='bbox 877 3505 901 3565; x_wconf 91' lang='grc'><strong><em>6,</em></strong></span> <span class='ocrx_word' id='word_1_380' title='bbox 913 3501 975 3568; x_wconf 91' lang='grc'>691)</span> <span class='ocrx_word' id='word_1_381' title='bbox 995 3499 1128 3553; x_wconf 86' lang='lat' dir='ltr'><strong><em>denume-</em></strong></span> 
     </span>
     <span class='ocr_line' id='line_1_43' title="bbox 154 3570 853 3627; baseline 0.001 -3"><span class='ocrx_word' id='word_1_382' title='bbox 154 3572 268 3627; x_wconf 80' lang='lat' dir='ltr'><strong><em>rsnsO</em></strong></span> <span class='ocrx_word' id='word_1_383' title='bbox 338 3571 553 3626; x_wconf 78' lang='lat' dir='ltr'><strong><em>4slimento0</em></strong></span> <span class='ocrx_word' id='word_1_384' title='bbox 587 3570 722 3625; x_wconf 80' lang='lat' dir='ltr'><strong><em>elimenta</em></strong></span> <span class='ocrx_word' id='word_1_385' title='bbox 740 3573 769 3625; x_wconf 93' lang='lat' dir='ltr'><strong><em>A</em></strong></span> <span class='ocrx_word' id='word_1_386' title='bbox 793 3572 853 3625; x_wconf 86' lang='lat' dir='ltr'><strong><em>Vat.</em></strong></span> 
     </span>
    </p>
   </div>
   <div class='ocr_carea' id='block_1_7' title="bbox 0 0 1304 3922">
    <p class='ocr_par' dir='ltr' id='par_1_8' title="bbox 0 0 1304 3922">
     <span class='ocr_line' id='line_1_44' title="bbox 0 0 1304 3922; baseline 0 1"><span class='ocrx_word' id='word_1_387' title='bbox 0 0 1304 3922; x_wconf 95' lang='lat' dir='ltr'><strong><em> </em></strong></span> 
     </span>
    </p>
   </div>
  </div>
 </body>
</html>
