2582 3924
500 229 528 285 0.
545 235 605 298 739,
621 245 708 284 ιι-ιι.
732 229 760 285 C.
778 236 828 284 740

504 393 579 458 ‘Sed
602 393 692 457 mihi'
715 396 848 471 Bacchus

505 486 604 566 lnquit
628 483 737 565 ‘abest
760 487 831 547 heu!

504 574 685 637 Conficiatur

503 665 584 725 Vnde
608 665 784 744 phonascus,

503 753 567 825 Quo
590 754 735 815 medicata

502 843 606 903 Vivida
629 846 741 923 passim

504 932 641 993 Carmina
665 933 795 1011 fingam„

504 1021 598 1100 Larga
621 1019 781 1101 potestas'.
797 1068 804 1082 .
820 1067 826 1080 .
842 1067 849 1080 .

629 1213 694 1278 740

587 1337 738 1403 ALCIMI

125 1442 154 1482 n.
168 1442 247 1483 nire.
261 1441 292 1483 u.
303 1444 341 1484 aso

125 1495 201 1536 n.1v
216 1497 261 1536 ier.
539 1474 587 1528 de
611 1473 787 1542 Vergilio

181 1589 223 1650 lie
247 1608 372 1652 numero
396 1600 495 1653 vatum
520 1593 546 1652 si
569 1594 636 1672 quis
659 1601 783 1672 seponat
806 1591 976 1670 Homerum,

249 1679 405 1742 Proximus
429 1700 443 1741 a
467 1683 564 1761 primo
588 1689 660 1742 tunc
682 1681 762 1742 Maro
786 1683 901 1761 primus
925 1683 990 1742 crit.

181 1768 218 1827 At
242 1770 267 1828 si
290 1777 357 1848 post
380 1772 509 1850 primum
533 1770 613 1831 Maro
638 1780 799 1849 seponatur
820 1769 991 1848 Homerum,

250 1857 349 1937 Longe
373 1861 430 1920 erit
453 1861 597 1939 aprime,
621 1863 747 1939 quisque
772 1859 921 1921 secundus
945 1861 1009 1920 erit.

254 2052 286 2100 17
306 2047 408 2102 baccus
429 2048 453 2102 0
522 2055 556 2102 20
574 2049 706 2102 fonascur
727 2049 750 2103 0
820 2055 853 2102 21
874 2049 1034 2102 medicante
1053 2050 1145 2104 Baet-

180 2134 244 2172 rens
270 2119 413 2173 mediante
431 2123 532 2176 conieci
605 2125 639 2173 24
659 2120 817 2175 ‘Nonnulla
832 2121 945 2189 periere'
966 2121 1115 2176 Bnetrene.

255 2222 322 2281 740.
355 2226 528 2282 Pnoccedunt
545 2229 577 2282 tn
597 2228 709 2283 Oooru'
726 2228 866 2294 uereuuti,
884 2243 951 2296 quos
973 2228 1061 2282 medio
1080 2244 1145 2282 aeuo

179 2297 281 2363 tribuo,
300 2298 373 2351 uelut
389 2299 433 2351 tn':

217 2383 315 2439 Nescit
334 2402 432 2441 saevus
452 2403 530 2441 emor
548 2387 658 2442 frenum
675 2388 796 2442 racionis
818 2387 930 2455 habere,
1076 2407 1104 2446 n.
1118 2406 1152 2446 ιι
1166 2407 1198 2448 ιι.

270 2457 391 2510 Lumina
410 2461 549 2523 caecatur,
568 2476 656 2528 prona
674 2459 749 2528 petit
767 2459 879 2528 iugiter.

217 2526 281 2581 Non
300 2528 397 2597 cernit,
416 2530 492 2598 quod
510 2533 611 2600 pergat
629 2531 691 2596 iter,
711 2548 766 2600 quo
786 2531 858 2585 calle
876 2530 994 2584 foratur:

270 2599 395 2653 Incertus
414 2601 551 2670 graditur,
571 2601 642 2656 vello
661 2617 779 2671 sequens
798 2602 951 2672 proprium.

217 2669 306 2724 Instat
326 2671 372 2742 [si]
393 2672 514 2742 gladius,
533 2673 630 2744 magni
649 2673 673 2726 si
693 2690 778 2727 causa
796 2673 904 2742 pericli,

271 2742 400 2811 Dampne
419 2746 448 2798 et
466 2745 523 2798 iam
541 2761 635 2798 rerum
654 2745 774 2798 dedecus
794 2747 878 2814 atque
897 2743 990 2798 labor:

218 2811 266 2864 Nil
285 2813 351 2868 hinc
370 2815 508 2884 decernit,
527 2815 569 2869 nil
588 2817 664 2870 certa
683 2815 800 2870 discutit
818 2832 885 2869 aure
908 2817 994 2886 (certo
1004 2815 1041 2940 hdr
1062 2831 1109 2868 ore

943 2889 1005 2942 Boe
1038 2889 1108 2954 anu:

272 2955 353 3021 Quod
371 2957 473 3026 placet,
492 2958 546 3012 hoc
564 2958 699 3026 sequitur,
719 2957 802 3026 quale
822 2958 859 3012 sit
877 2958 948 3012 haut
965 2959 1108 3027 reputans.

342 3053 367 3101 et
384 3047 425 3101 ht':

219 3133 248 3186 Si
267 3136 399 3203 nostram,
417 3135 512 3205 frater,
531 3136 669 3190 festucam
687 3137 786 3191 tollere
806 3136 926 3204 quaeris,

271 3205 383 3261 Robora
401 3208 510 3277 (robore
528 3210 596 3277 cod)
617 3210 651 3262 de
670 3209 783 3278 proprio
802 3207 908 3263 lumine
926 3207 996 3262 tolle
1014 3207 1102 3276 prius.

181 3291 286 3348 Alcimi
305 3296 339 3349 de
353 3295 473 3365 Virgilio
492 3299 562 3350 idem
578 3298 614 3364 0‚·
632 3313 682 3351 om.
698 3299 919 3367 Dumnitonus
938 3302 980 3364 39,
991 3301 1024 3348 23
1043 3313 1065 3351 s.
1082 3297 1146 3350 XII

182 3365 314 3435 -Xllli
334 3374 359 3422 et
376 3369 587 3438 repentaneus
605 3370 633 3424 R
652 3369 734 3422 1114
751 3386 772 3423 s.
789 3369 879 3435 XIII,
898 3387 917 3424 a
935 3368 1044 3422 Loeuc'o
1063 3369 1143 3422 collu-

181 3437 245 3504 tus).
319 3445 333 3490 2
352 3440 414 3492 tum
432 3441 495 3493 LE
566 3445 581 3492 3
601 3439 638 3494 Et
656 3441 687 3494 E
722 3443 840 3509 seponat
853 3441 888 3495 L.
925 3440 960 3506 cs.
977 3439 1143 3510 Quintilian.

182 3507 214 3560 X
228 3513 252 3574 1,
263 3512 308 3562 86:
329 3509 470 3564 Secundus
492 3516 531 3564 est
549 3511 693 3582 Verpc'tiue,
710 3513 824 3580 proptor
842 3519 932 3566 tantan
947 3512 1038 3580 primo
1062 3527 1143 3579 quon

181 3581 268 3633 tento.
1138 3608 1143 3611 ·
